#Instrument,Date,Time,Price,Volume,Value,Trans ID,Bid ID,Ask ID,Bid/Ask
BHP,20130205,10:55:37.120,37.420,106,3966.52,0,6230424149652192105,,B
BHP,20130205,10:55:19.569,37.410,500,18705,0,6230424149652189237,,B
BHP,20130205,10:55:28.481,37.410,400,14964,0,6230424149652190471,,B
BHP,20130205,10:55:37.706,37.410,14,523.74,0,6230424149652192255,,B
BHP,20130205,10:54:58.005,37.400,6,224.4,0,6230424149652185579,,B
BHP,20130205,10:56:06.007,37.400,157,5871.8,0,6230424149652189105,,B
BHP,20130205,10:03:13.184,37.390,2000,74780,0,6230424149651773690,,B
BHP,20130205,10:52:11.056,37.390,614,22957.46,0,6230424149652164246,,B
BHP,20130205,10:53:58.368,37.390,7747,289660.33,0,6230424149652177324,,B
BHP,20130205,10:53:58.369,37.390,1060,39633.4,0,6230424149652177330,,B
BHP,20130205,10:53:58.536,37.390,217,8113.63,0,6230424149652166566,,B
BHP,20130205,10:54:04.977,37.390,300,11217,0,6230424149652177754,,B
BHP,20130205,10:54:58.075,37.390,2,74.78,0,6230424149652185582,,B
BHP,20130205,10:56:20.603,37.390,12,448.68,0,6230424149652192900,,B
BHP,20130205,10:58:20.439,37.390,698,26098.22,0,6230424149652215225,,B
BHP,20130205,10:05:41.350,37.385,204,7626.54,0,6230424149651815912,,B
BHP,20130205,10:52:50.216,37.385,9,336.465,0,6230424149652168439,,B
BHP,20130205,10:00:01.592,37.380,4614,172471.32,0,6230424149651792817,,B
BHP,20130205,10:03:27.934,37.380,500,18690,0,6230424149651805007,,B
BHP,20130205,10:04:52.230,37.380,3,112.14,0,6230424149651805007,,B
BHP,20130205,10:05:38.591,37.380,627,23437.26,0,6230424149651805007,,B
BHP,20130205,10:06:35.012,37.380,666,24895.08,0,6230424149651818484,,B
BHP,20130205,10:06:47.060,37.380,667,24932.46,0,6230424149651819374,,B
BHP,20130205,10:23:45.998,37.380,3082,115205.16,0,6230424149651960022,,B
BHP,20130205,10:34:05.883,37.380,1497,55957.86,0,6230424149652029637,,B
BHP,20130205,10:34:06.163,37.380,200,7476,0,6230424149652029519,,B
BHP,20130205,10:34:28.256,37.380,2,74.76,0,6230424149652032075,,B
BHP,20130205,10:36:58.000,37.380,268,10017.84,0,6230424149652051953,,B
BHP,20130205,10:56:23.990,37.380,8564,320122.32,0,6230424149652161410,,B
BHP,20130205,10:57:24.793,37.380,52,1943.76,0,6230424149652207595,,B
BHP,20130205,10:58:17.647,37.380,231,8634.78,0,6230424149652214632,,B
BHP,20130205,10:58:35.109,37.380,77,2878.26,0,6230424149652214302,,B
BHP,20130205,10:00:46.077,37.370,697,26046.89,0,6230424149651797662,,B
BHP,20130205,10:02:28.363,37.370,10,373.7,0,6230424149651803683,,B
BHP,20130205,10:02:32.181,37.370,332,12406.84,0,6230424149651803868,,B
BHP,20130205,10:07:05.190,37.370,438,16368.06,0,6230424149651816141,,B
BHP,20130205,10:09:26.023,37.370,377,14088.49,0,6230424149651840164,,B
BHP,20130205,10:10:09.214,37.370,231,8632.47,0,6230424149651845505,,B
BHP,20130205,10:10:57.199,37.370,346,12930.02,0,6230424149651851165,,B
BHP,20130205,10:16:06.629,37.370,528,19731.36,0,6230424149651889225,,B
BHP,20130205,10:19:02.883,37.370,1500,56055,0,6230424149651915827,,B
BHP,20130205,10:22:50.891,37.370,528,19731.36,0,6230424149651950205,,B
BHP,20130205,10:23:37.174,37.370,2,74.74,0,6230424149651958464,,B
BHP,20130205,10:24:00.544,37.370,44,1644.28,0,6230424149651962023,,B
BHP,20130205,10:24:42.436,37.370,20,747.4,0,6230424149651967668,,B
BHP,20130205,10:24:53.133,37.370,583,21786.71,0,6230424149651967481,,B
BHP,20130205,10:33:10.396,37.370,185,6913.45,0,6230424149652023680,,B
BHP,20130205,10:33:29.281,37.370,41,1532.17,0,6230424149652019274,,B
BHP,20130205,10:33:40.195,37.370,3317,123956.29,0,6230424149652027024,,B
BHP,20130205,10:35:23.333,37.370,24,896.88,0,6230424149652027024,,B
BHP,20130205,10:35:42.342,37.370,31,1158.47,0,6230424149652027143,,B
BHP,20130205,10:35:52.303,37.370,7,261.59,0,6230424149652044485,,B
BHP,20130205,10:36:28.257,37.370,1,37.37,0,6230424149652045676,,B
BHP,20130205,10:36:58.037,37.370,5,186.85,0,6230424149652047995,,B
BHP,20130205,10:38:08.200,37.370,240,8968.8,0,6230424149652061706,,B
BHP,20130205,10:45:14.259,37.370,26,971.62,0,6230424149652111122,,B
BHP,20130205,10:45:17.975,37.370,300,11211,0,6230424149652111426,,B
BHP,20130205,10:45:44.563,37.370,115,4297.55,0,6230424149652113546,,B
BHP,20130205,10:45:59.026,37.370,13,485.81,0,6230424149652114974,,B
BHP,20130205,10:46:18.955,37.370,7,261.59,0,6230424149652119133,,B
BHP,20130205,10:46:20.577,37.370,8,298.96,0,6230424149652119458,,B
BHP,20130205,10:46:31.281,37.370,221,8258.77,0,6230424149652121273,,B
BHP,20130205,10:50:51.973,37.370,20,747.4,0,6230424149652152027,,B
BHP,20130205,10:56:24.155,37.370,7,261.59,0,6230424149652106570,,B
BHP,20130205,10:56:32.658,37.370,134,5007.58,0,6230424149652200058,,B
BHP,20130205,10:57:57.353,37.370,41,1532.17,0,6230424149652206483,,B
BHP,20130205,10:58:16.209,37.370,1640,61286.8,0,6230424149652214121,,B
BHP,20130205,10:58:56.730,37.370,127,4745.99,0,6230424149652219932,,B
BHP,20130205,10:59:04.836,37.370,168,6278.16,0,6230424149652220996,,B
BHP,20130205,10:59:30.856,37.370,1,37.37,0,6230424149652223007,,B
BHP,20130205,10:59:53.586,37.370,208,7772.96,0,6230424149652225213,,B
BHP,20130205,10:08:35.961,37.365,49295,1841907.675,0,6230424149651832797,,B
BHP,20130205,10:33:23.741,37.365,1,37.365,0,6230424149652024953,,B
BHP,20130205,10:00:08.457,37.360,157,5865.52,0,6230424149651793022,,B
BHP,20130205,10:00:22.491,37.360,327,12216.72,0,6230424149651796250,,B
BHP,20130205,10:00:32.746,37.360,1493,55778.48,0,6230424149651796864,,B
BHP,20130205,10:00:46.482,37.360,149,5566.64,0,6230424149651796977,,B
BHP,20130205,10:00:59.749,37.360,3,112.08,0,6230424149651798239,,B
BHP,20130205,10:09:20.405,37.360,254,9489.44,0,6230424149651839437,,B
BHP,20130205,10:09:44.039,37.360,139,5193.04,0,6230424149651842932,,B
BHP,20130205,10:10:07.938,37.360,451,16849.36,0,6230424149651845204,,B
BHP,20130205,10:10:18.958,37.360,25,934,0,6230424149651846273,,B
BHP,20130205,10:10:43.735,37.360,672,25105.92,0,6230424149651846449,,B
BHP,20130205,10:10:54.089,37.360,114,4259.04,0,6230424149651850421,,B
BHP,20130205,10:10:59.443,37.360,59,2204.24,0,6230424149651851553,,B
BHP,20130205,10:11:18.360,37.360,157,5865.52,0,6230424149651852043,,B
BHP,20130205,10:12:05.848,37.360,528,19726.08,0,6230424149651853781,,B
BHP,20130205,10:12:13.025,37.360,163,6089.68,0,6230424149651861133,,B
BHP,20130205,10:12:14.528,37.360,62,2316.32,0,6230424149651861633,,B
BHP,20130205,10:12:16.267,37.360,710,26525.6,0,6230424149651861663,,B
BHP,20130205,10:15:03.449,37.360,407,15205.52,0,6230424149651883251,,B
BHP,20130205,10:16:25.495,37.360,2,74.72,0,6230424149651892430,,B
BHP,20130205,10:17:22.975,37.360,300,11208,0,6230424149651902741,,B
BHP,20130205,10:17:38.762,37.360,180,6724.8,0,6230424149651905350,,B
BHP,20130205,10:17:53.122,37.360,350,13076,0,6230424149651906398,,B
BHP,20130205,10:19:32.915,37.360,377,14084.72,0,6230424149651915761,,B
BHP,20130205,10:19:53.139,37.360,7861,293686.96,0,6230424149651915761,,B
BHP,20130205,10:19:56.003,37.360,150,5604,0,6230424149651843294,,B
BHP,20130205,10:22:49.671,37.360,22,821.92,0,6230424149651949790,,B
BHP,20130205,10:23:19.131,37.360,1,37.36,0,6230424149651954814,,B
BHP,20130205,10:23:34.075,37.360,451,16849.36,0,6230424149651957902,,B
BHP,20130205,10:24:28.026,37.360,43,1606.48,0,6230424149651962014,,B
BHP,20130205,10:29:07.921,37.360,5,186.8,0,6230424149651999866,,B
BHP,20130205,10:30:22.149,37.360,1000,37360,0,6230424149652006347,,B
BHP,20130205,10:32:07.198,37.360,13,485.68,0,6230424149652018129,,B
BHP,20130205,10:36:28.469,37.360,467,17447.12,0,6230424149652023518,,B
BHP,20130205,10:37:45.067,37.360,4,149.44,0,6230424149652055412,,B
BHP,20130205,10:38:38.523,37.360,2,74.72,0,6230424149652060617,,B
BHP,20130205,10:38:50.181,37.360,302,11282.72,0,6230424149652061030,,B
BHP,20130205,10:40:41.846,37.360,2225,83126,0,6230424149652076403,,B
BHP,20130205,10:44:09.085,37.360,371,13860.56,0,6230424149652103635,,B
BHP,20130205,10:46:15.914,37.360,287,10722.32,0,6230424149652110318,,B
BHP,20130205,10:46:21.962,37.360,24,896.64,0,6230424149652119083,,B
BHP,20130205,10:46:41.898,37.360,310,11581.6,0,6230424149652118469,,B
BHP,20130205,10:47:54.740,37.360,217,8107.12,0,6230424149652124678,,B
BHP,20130205,10:47:59.196,37.360,4,149.44,0,6230424149652125469,,B
BHP,20130205,10:50:13.828,37.360,220,8219.2,0,6230424149652130293,,B
BHP,20130205,10:57:00.095,37.360,261,9750.96,0,6230424149652201319,,B
BHP,20130205,10:57:57.354,37.360,3,112.08,0,6230424149652206663,,B
BHP,20130205,10:59:35.552,37.360,1261,47110.96,0,6230424149652214128,,B
BHP,20130205,11:00:02.818,37.360,1088,40647.68,0,6230424149652227328,,B
BHP,20130205,11:00:36.788,37.360,440,16438.4,0,6230424149652231254,,B
BHP,20130205,11:00:51.113,37.360,3,112.08,0,6230424149652233735,,B
BHP,20130205,10:18:21.593,37.355,106,3959.63,0,6230424149651911483,,B
BHP,20130205,10:45:02.814,37.355,5,186.775,0,6230424149652109124,,B
BHP,20130205,10:00:03.065,37.350,211,7880.85,0,6230424149651777661,,B
BHP,20130205,10:01:14.440,37.350,4343,162211.05,0,6230424149651778932,,B
BHP,20130205,10:01:35.236,37.350,265,9897.75,0,6230424149651778932,,B
BHP,20130205,10:02:04.693,37.350,280,10458,0,6230424149651778932,,B
BHP,20130205,10:08:46.997,37.350,277,10345.95,0,6230424149651801366,,B
BHP,20130205,10:09:08.003,37.350,2,74.7,0,6230424149651837410,,B
BHP,20130205,10:09:09.884,37.350,1,37.35,0,6230424149651837859,,B
BHP,20130205,10:09:20.405,37.350,6,224.1,0,6230424149651839437,,B
BHP,20130205,10:09:40.065,37.350,496,18525.6,0,6230424149651842033,,B
BHP,20130205,10:09:41.295,37.350,3,112.05,0,6230424149651842192,,B
BHP,20130205,10:10:10.628,37.350,150,5602.5,0,6230424149651842753,,B
BHP,20130205,10:12:32.164,37.350,50,1867.5,0,6230424149651846163,,B
BHP,20130205,10:13:47.061,37.350,493,18413.55,0,6230424149651874147,,B
BHP,20130205,10:15:03.388,37.350,82,3062.7,0,6230424149651883169,,B
BHP,20130205,10:15:18.306,37.350,3200,119520,0,6230424149651883169,,B
BHP,20130205,10:15:23.589,37.350,750,28012.5,0,6230424149651883169,,B
BHP,20130205,10:18:50.238,37.350,2143,80041.05,0,6230424149651883169,,B
BHP,20130205,10:20:15.724,37.350,1126,42056.1,0,6230424149651871724,,B
BHP,20130205,10:22:28.906,37.350,1500,56025,0,6230424149651945994,,B
BHP,20130205,10:23:24.280,37.350,42,1568.7,0,6230424149651949944,,B
BHP,20130205,10:25:47.611,37.350,195,7283.25,0,6230424149651955295,,B
BHP,20130205,10:25:52.425,37.350,669,24987.15,0,6230424149651975374,,B
BHP,20130205,10:26:47.447,37.350,49,1830.15,0,6230424149651981040,,B
BHP,20130205,10:28:25.735,37.350,1,37.35,0,6230424149651989052,,B
BHP,20130205,10:29:10.461,37.350,672,25099.2,0,6230424149651990157,,B
BHP,20130205,10:29:37.435,37.350,100,3735,0,6230424149652002691,,B
BHP,20130205,10:29:52.204,37.350,2,74.7,0,6230424149652003769,,B
BHP,20130205,10:30:00.495,37.350,80,2988,0,6230424149652003769,,B
BHP,20130205,10:30:43.107,37.350,2247,83925.45,0,6230424149652003769,,B
BHP,20130205,10:31:33.789,37.350,786,29357.1,0,6230424149652014079,,B
BHP,20130205,10:31:42.187,37.350,2,74.7,0,6230424149652015510,,B
BHP,20130205,10:37:47.448,37.350,466,17405.1,0,6230424149652015590,,B
BHP,20130205,10:39:54.667,37.350,36,1344.6,0,6230424149652060775,,B
BHP,20130205,10:41:17.134,37.350,29,1083.15,0,6230424149652067503,,B
BHP,20130205,10:41:32.137,37.350,5,186.75,0,6230424149652067503,,B
BHP,20130205,10:43:47.186,37.350,132,4930.2,0,6230424149652099321,,B
BHP,20130205,10:43:52.188,37.350,156,5826.6,0,6230424149652099321,,B
BHP,20130205,10:43:55.928,37.350,7,261.45,0,6230424149652101800,,B
BHP,20130205,10:44:28.910,37.350,1,37.35,0,6230424149652101928,,B
BHP,20130205,10:59:39.809,37.350,1349,50385.15,0,6230424149652101928,,B
BHP,20130205,10:59:39.892,37.350,3,112.05,0,6230424149652224881,,B
BHP,20130205,11:00:56.542,37.350,12,448.2,0,6230424149652229940,,B
BHP,20130205,11:01:23.579,37.350,1174,43848.9,0,6230424149652238481,,B
BHP,20130205,10:08:53.540,37.340,220,8214.8,0,6230424149651818287,,B
BHP,20130205,10:09:21.349,37.340,6277,234383.18,0,6230424149651839436,,B
BHP,20130205,10:12:56.327,37.340,653,24383.02,0,6230424149651867576,,B
BHP,20130205,10:13:02.629,37.340,613,22889.42,0,6230424149651868796,,B
BHP,20130205,10:13:27.270,37.340,800,29872,0,6230424149651871569,,B
BHP,20130205,10:14:18.805,37.340,613,22889.42,0,6230424149651879210,,B
BHP,20130205,10:14:24.254,37.340,15,560.1,0,6230424149651879832,,B
BHP,20130205,10:20:17.364,37.340,44,1642.96,0,6230424149651918377,,B
BHP,20130205,10:21:35.707,37.340,138,5152.92,0,6230424149651937170,,B
BHP,20130205,10:21:52.962,37.340,1,37.34,0,6230424149651940749,,B
BHP,20130205,10:22:04.664,37.340,1500,56010,0,6230424149651942833,,B
BHP,20130205,10:30:57.245,37.340,7,261.38,0,6230424149651944232,,B
BHP,20130205,10:31:19.848,37.340,127,4742.18,0,6230424149651944232,,B
BHP,20130205,10:31:43.667,37.340,406,15160.04,0,6230424149652002737,,B
BHP,20130205,11:01:25.830,37.340,500,18670,0,6230424149652110504,,B
BHP,20130205,10:09:08.410,37.335,250,9333.75,0,6230424149651837458,,B
BHP,20130205,10:09:06.050,37.330,560,20904.8,0,6230424149651835386,,B
BHP,20130205,10:09:09.909,37.330,128,4778.24,0,6230424149651837894,,B
BHP,20130205,10:13:28.062,37.330,528,19710.24,0,6230424149651851983,,B
BHP,20130205,10:14:23.291,37.330,528,19710.24,0,6230424149651872713,,B
BHP,20130205,10:20:27.737,37.330,300,11199,0,6230424149651854712,,B
BHP,20130205,10:21:03.367,37.330,241,8996.53,0,6230424149651932576,,B
BHP,20130205,10:21:49.538,37.330,2,74.66,0,6230424149651939986,,B
BHP,20130205,11:02:32.707,37.330,2058,76825.14,0,6230424149651939986,,B
BHP,20130205,11:07:40.159,37.330,146,5450.18,0,6230424149652281886,,B
BHP,20130205,10:20:35.766,37.320,5000,186600,0,6230424149651852722,,B
BHP,20130205,10:21:40.430,37.320,474,17689.68,0,6230424149651936994,,B
BHP,20130205,10:21:45.432,37.320,66,2463.12,0,6230424149651939474,,B
BHP,20130205,11:02:35.422,37.320,770,28736.4,0,6230424149651939474,,B
BHP,20130205,11:03:23.739,37.320,528,19704.96,0,6230424149652251243,,B
BHP,20130205,11:03:52.427,37.320,26,970.32,0,6230424149652252130,,B
BHP,20130205,11:06:03.955,37.320,4,149.28,0,6230424149652271812,,B
BHP,20130205,11:06:43.864,37.320,231,8620.92,0,6230424149652273921,,B
BHP,20130205,11:07:07.753,37.320,63,2351.16,0,6230424149652273921,,B
BHP,20130205,11:07:40.708,37.320,800,29856,0,6230424149652270584,,B
BHP,20130205,11:07:52.431,37.320,125,4665,0,6230424149652285122,,B
BHP,20130205,11:09:51.101,37.320,511,19070.52,0,6230424149652284833,,B
BHP,20130205,15:21:56.520,37.320,174,6493.68,0,6230424149654131832,,B
BHP,20130205,15:24:11.197,37.320,266,9927.12,0,6230424149654154427,,B
BHP,20130205,15:29:27.222,37.320,49,1828.68,0,6230424149654202375,,B
BHP,20130205,15:29:45.007,37.320,442,16495.44,0,6230424149654206944,,B
BHP,20130205,11:07:54.326,37.315,3,111.945,0,6230424149652285297,,B
BHP,20130205,10:21:40.430,37.310,500,18655,0,6230424149651800608,,B
BHP,20130205,11:04:25.794,37.310,331,12349.61,0,6230424149651939668,,B
BHP,20130205,11:05:57.153,37.310,79,2947.49,0,6230424149652262513,,B
BHP,20130205,11:06:07.598,37.310,460,17162.6,0,6230424149652270441,,B
BHP,20130205,11:07:48.329,37.310,62,2313.22,0,6230424149652282096,,B
BHP,20130205,11:10:04.925,37.310,280,10446.8,0,6230424149652285133,,B
BHP,20130205,13:04:03.171,37.310,4,149.24,0,6230424149653175435,,B
BHP,20130205,15:22:08.003,37.310,45,1678.95,0,6230424149654130517,,B
BHP,20130205,15:23:29.647,37.310,782,29176.42,0,6230424149654147999,,B
BHP,20130205,15:24:11.272,37.310,618,23057.58,0,6230424149654154225,,B
BHP,20130205,15:29:06.830,37.310,65,2425.15,0,6230424149654195337,,B
BHP,20130205,15:29:46.398,37.310,294,10969.14,0,6230424149654205950,,B
BHP,20130205,15:21:34.385,37.305,13,484.965,0,6230424149654130027,,B
BHP,20130205,10:21:40.430,37.300,1165,43454.5,0,6228446128234449065,,B
BHP,20130205,11:06:02.591,37.300,943,35173.9,0,6230017330352292889,,B
BHP,20130205,11:10:15.434,37.300,2687,100225.1,0,6230424149651801966,,B
BHP,20130205,11:15:38.071,37.300,173,6452.9,0,6230424149652342395,,B
BHP,20130205,11:16:42.183,37.300,47,1753.1,0,6230424149652345818,,B
BHP,20130205,11:34:35.466,37.300,200,7460,0,6230424149652454815,,B
BHP,20130205,11:37:05.242,37.300,200,7460,0,6230424149652477603,,B
BHP,20130205,11:38:00.215,37.300,6,223.8,0,6230424149652484332,,B
BHP,20130205,12:32:26.628,37.300,349,13017.7,0,6230424149652876635,,B
BHP,20130205,13:03:45.292,37.300,88,3282.4,0,6230424149653173003,,B
BHP,20130205,13:05:40.241,37.300,50,1865,0,6230424149653174630,,B
BHP,20130205,13:11:52.336,37.300,1040,38792,0,6230424149653245408,,B
BHP,20130205,13:13:10.777,37.300,2,74.6,0,6230424149653256939,,B
BHP,20130205,13:21:37.678,37.300,300,11190,0,6230424149653318031,,B
BHP,20130205,13:21:44.452,37.300,360,13428,0,6230424149653319711,,B
BHP,20130205,15:19:27.200,37.300,275,10257.5,0,6230424149654114405,,B
BHP,20130205,15:21:32.984,37.300,1,37.3,0,6230424149654121183,,B
BHP,20130205,15:22:16.118,37.300,15,559.5,0,6230424149654119869,,B
BHP,20130205,15:22:49.169,37.300,419,15628.7,0,6230424149654142134,,B
BHP,20130205,15:24:09.411,37.300,9,335.7,0,6230424149654147211,,B
BHP,20130205,15:24:21.404,37.300,30,1119,0,6230424149654154542,,B
BHP,20130205,15:28:40.864,37.300,4678,174489.4,0,6230424149654193558,,B
BHP,20130205,15:28:41.212,37.300,197,7348.1,0,6230424149654194165,,B
BHP,20130205,15:29:16.369,37.300,175,6527.5,0,6230424149654197851,,B
BHP,20130205,15:29:31.835,37.300,674,25140.2,0,6230424149654200881,,B
BHP,20130205,15:30:16.092,37.300,3907,145731.1,0,6230424149654205625,,B
BHP,20130205,15:30:48.544,37.300,39,1454.7,0,6230424149654215983,,B
BHP,20130205,13:23:27.062,37.295,32,1193.44,0,6230424149653327339,,B
BHP,20130205,15:21:27.937,37.295,27,1006.965,0,6230424149654128352,,B
BHP,20130205,11:10:17.188,37.290,1,37.29,0,6230424149652228249,,B
BHP,20130205,11:12:30.439,37.290,6,223.74,0,6230424149652322534,,B
BHP,20130205,11:13:11.033,37.290,26,969.54,0,6230424149652328739,,B
BHP,20130205,11:17:45.975,37.290,12677,472725.33,0,6230424149652330727,,B
BHP,20130205,11:31:56.083,37.290,1103,41130.87,0,6230424149652436838,,B
BHP,20130205,11:34:35.617,37.290,45,1678.05,0,6230424149652454017,,B
BHP,20130205,11:34:57.278,37.290,13,484.77,0,6230424149652458877,,B
BHP,20130205,11:36:56.046,37.290,163,6078.27,0,6230424149652476427,,B
BHP,20130205,11:38:06.063,37.290,170,6339.3,0,6230424149652484760,,B
BHP,20130205,12:28:52.269,37.290,462,17227.98,0,6230424149652847004,,B
BHP,20130205,12:31:21.876,37.290,1070,39900.3,0,6230424149652866516,,B
BHP,20130205,12:32:26.663,37.290,528,19689.12,0,6230424149652875925,,B
BHP,20130205,12:33:43.935,37.290,4,149.16,0,6230424149652892631,,B
BHP,20130205,12:50:08.336,37.290,48,1789.92,0,6230424149653066063,,B
BHP,20130205,13:01:49.905,37.290,328,12231.12,0,6230424149653164355,,B
BHP,20130205,13:03:45.239,37.290,179,6674.91,0,6230424149653172900,,B
BHP,20130205,13:03:45.671,37.290,345,12865.05,0,6230424149653172976,,B
BHP,20130205,13:06:13.379,37.290,180,6712.2,0,6230424149653172976,,B
BHP,20130205,13:08:46.063,37.290,100,3729,0,6230424149653172976,,B
BHP,20130205,13:09:34.671,37.290,17,633.93,0,6230424149653213887,,B
BHP,20130205,13:13:11.311,37.290,331,12342.99,0,6230424149653239840,,B
BHP,20130205,13:15:00.228,37.290,102,3803.58,0,6230424149653273140,,B
BHP,20130205,13:16:22.257,37.290,14,522.06,0,6230424149653288512,,B
BHP,20130205,13:18:11.951,37.290,3,111.87,0,6230424149653297747,,B
BHP,20130205,13:18:19.495,37.290,453,16892.37,0,6230424149653298191,,B
BHP,20130205,13:27:17.794,37.290,140,5220.6,0,6230424149653346192,,B
BHP,20130205,15:16:24.661,37.290,102,3803.58,0,6230424149654092784,,B
BHP,20130205,15:16:30.152,37.290,898,33486.42,0,6230424149654093534,,B
BHP,20130205,15:19:01.880,37.290,252,9397.08,0,6230424149654109395,,B
BHP,20130205,15:19:27.201,37.290,19,708.51,0,6230424149654114406,,B
BHP,20130205,15:19:42.984,37.290,52,1939.08,0,6230424149654113218,,B
BHP,20130205,15:22:23.557,37.290,183,6824.07,0,6230424149654121113,,B
BHP,20130205,15:24:30.138,37.290,72,2684.88,0,6230424149654140388,,B
BHP,20130205,15:24:31.390,37.290,69,2573.01,0,6230424149654157664,,B
BHP,20130205,15:28:40.978,37.290,3,111.87,0,6230424149651963353,,B
BHP,20130205,15:30:16.140,37.290,918,34232.22,0,6230424149654194104,,B
BHP,20130205,15:30:16.549,37.290,430,16034.7,0,6230424149654205847,,B
BHP,20130205,15:31:41.036,37.290,13,484.77,0,6230424149654222115,,B
BHP,20130205,15:32:19.996,37.290,1,37.29,0,6230424149654212498,,B
BHP,20130205,13:03:22.259,37.285,11,410.135,0,6230424149653171459,,B
BHP,20130205,15:17:21.394,37.285,21,782.985,0,6230424149654099570,,B
BHP,20130205,11:11:00.356,37.280,1900,70832,0,6230424149651775097,,B
BHP,20130205,11:11:00.851,37.280,3,111.84,0,6230424149652306792,,B
BHP,20130205,11:11:03.777,37.280,1988,74112.64,0,6230424149652306824,,B
BHP,20130205,11:22:36.740,37.280,212,7903.36,0,6230424149652377470,,B
BHP,20130205,11:22:36.924,37.280,100,3728,0,6230424149652378674,,B
BHP,20130205,11:24:44.746,37.280,528,19683.84,0,6230424149652394004,,B
BHP,20130205,11:25:30.332,37.280,6,223.68,0,6230424149652394167,,B
BHP,20130205,11:25:51.740,37.280,100,3728,0,6230424149652386637,,B
BHP,20130205,11:30:23.015,37.280,1,37.28,0,6230424149652425464,,B
BHP,20130205,11:32:15.644,37.280,5830,217342.4,0,6230424149651779370,,B
BHP,20130205,11:34:03.776,37.280,1306,48687.68,0,6230424149652449737,,B
BHP,20130205,11:35:03.969,37.280,528,19683.84,0,6230424149652453243,,B
BHP,20130205,11:35:54.371,37.280,1077,40150.56,0,6230424149652463904,,B
BHP,20130205,11:36:49.865,37.280,29,1081.12,0,6230424149652475482,,B
BHP,20130205,11:38:16.414,37.280,19,708.32,0,6230424149652477214,,B
BHP,20130205,11:41:21.653,37.280,200,7456,0,6230424149652503514,,B
BHP,20130205,12:26:57.196,37.280,39,1453.92,0,6230424149652827759,,B
BHP,20130205,12:29:11.519,37.280,85,3168.8,0,6230424149652847500,,B
BHP,20130205,12:31:17.284,37.280,188,7008.64,0,6230424149652865588,,B
BHP,20130205,12:31:27.654,37.280,129,4809.12,0,6230424149652866706,,B
BHP,20130205,12:32:23.568,37.280,6345,236541.6,0,6230424149652875369,,B
BHP,20130205,12:32:39.169,37.280,24,894.72,0,6230424149652877144,,B
BHP,20130205,12:33:48.181,37.280,5,186.4,0,6230424149652893362,,B
BHP,20130205,12:51:19.794,37.280,600,22368,0,6230424149653067235,,B
BHP,20130205,12:59:13.470,37.280,4,149.12,0,6230424149653145021,,B
BHP,20130205,13:00:23.972,37.280,31,1155.68,0,6230424149653153372,,B
BHP,20130205,13:10:03.827,37.280,27,1006.56,0,6230424149653155375,,B
BHP,20130205,13:14:20.830,37.280,26,969.28,0,6230424149653172865,,B
BHP,20130205,13:15:24.824,37.280,46,1714.88,0,6230424149653278111,,B
BHP,20130205,13:15:40.720,37.280,28,1043.84,0,6230424149653279733,,B
BHP,20130205,13:16:06.112,37.280,6,223.68,0,6230424149653282811,,B
BHP,20130205,13:19:46.165,37.280,180,6710.4,0,6230424149653285624,,B
BHP,20130205,13:23:41.987,37.280,18,671.04,0,6230424149653314113,,B
BHP,20130205,13:25:51.529,37.280,10,372.8,0,6230424149653337870,,B
BHP,20130205,13:26:18.625,37.280,50,1864,0,6230424149653341027,,B
BHP,20130205,15:18:28.223,37.280,76,2833.28,0,6230424149654092735,,B
BHP,20130205,15:19:01.960,37.280,52,1938.56,0,6230424149654109477,,B
BHP,20130205,15:24:33.247,37.280,787,29339.36,0,6230424149654115267,,B
BHP,20130205,15:27:12.888,37.280,62,2311.36,0,6230424149654167930,,B
BHP,20130205,15:30:21.422,37.280,52,1938.56,0,6230424149654190445,,B
BHP,20130205,15:33:04.062,37.280,316,11780.48,0,6230424149654213558,,B
BHP,20130205,15:43:48.037,37.280,3,111.84,0,6230424149654323003,,B
BHP,20130205,15:45:19.805,37.280,395,14725.6,0,6230424149654336828,,B
BHP,20130205,15:45:58.903,37.280,51,1901.28,0,6230424149654341361,,B
BHP,20130205,15:48:03.181,37.280,24,894.72,0,6230424149654355648,,B
BHP,20130205,15:53:14.266,37.280,282,10512.96,0,6230424149654410042,,B
BHP,20130205,12:26:46.772,37.275,3,111.825,0,6230424149652837035,,B
BHP,20130205,12:30:11.607,37.275,1,37.275,0,6230424149652854467,,B
BHP,20130205,15:45:58.369,37.275,2,74.55,0,6230424149654341251,,B
BHP,20130205,15:46:06.171,37.275,169,6299.475,0,6230424149654341257,,B
BHP,20130205,15:46:08.788,37.275,153,5703.075,0,6230424149654341257,,B
BHP,20130205,11:11:35.424,37.270,250,9317.5,0,6230017330349484406,,B
BHP,20130205,11:11:51.603,37.270,25,931.75,0,6230424149652267993,,B
BHP,20130205,11:12:17.538,37.270,109,4062.43,0,6230424149652317679,,B
BHP,20130205,11:18:15.016,37.270,918,34213.86,0,6230424149652331232,,B
BHP,20130205,11:22:23.779,37.270,6,223.62,0,6230424149652379080,,B
BHP,20130205,11:22:37.073,37.270,2,74.54,0,6230424149652380177,,B
BHP,20130205,11:26:13.947,37.270,8,298.16,0,6230424149652391350,,B
BHP,20130205,11:26:23.697,37.270,52,1938.04,0,6230424149652402609,,B
BHP,20130205,11:26:23.805,37.270,673,25082.71,0,6230424149652402682,,B
BHP,20130205,11:30:05.240,37.270,3,111.81,0,6230424149652423083,,B
BHP,20130205,11:30:23.079,37.270,17,633.59,0,6230424149652425321,,B
BHP,20130205,11:30:57.029,37.270,59,2198.93,0,6230424149652426352,,B
BHP,20130205,11:33:56.934,37.270,205,7640.35,0,6230424149652448540,,B
BHP,20130205,11:35:05.740,37.270,20,745.4,0,6230424149652452898,,B
BHP,20130205,11:36:05.275,37.270,550,20498.5,0,6230424149652462342,,B
BHP,20130205,11:38:36.985,37.270,49,1826.23,0,6230424149652479275,,B
BHP,20130205,11:39:51.158,37.270,60,2236.2,0,6230424149652486390,,B
BHP,20130205,11:41:32.311,37.270,3901,145390.27,0,6230424149652501279,,B
BHP,20130205,11:43:00.185,37.270,63,2348.01,0,6230424149652515714,,B
BHP,20130205,11:43:49.117,37.270,40,1490.8,0,6230424149652519813,,B
BHP,20130205,12:25:31.037,37.270,127,4733.29,0,6230424149652829799,,B
BHP,20130205,12:26:43.127,37.270,189,7044.03,0,6230424149652835337,,B
BHP,20130205,12:27:17.256,37.270,170,6335.9,0,6230424149652831695,,B
BHP,20130205,12:27:35.153,37.270,15,559.05,0,6230424149652839475,,B
BHP,20130205,12:30:14.831,37.270,330,12299.1,0,6230424149652839835,,B
BHP,20130205,12:31:32.101,37.270,16,596.32,0,6230424149652863167,,B
BHP,20130205,12:33:07.165,37.270,27,1006.29,0,6230424149652872395,,B
BHP,20130205,12:33:48.958,37.270,28,1043.56,0,6230424149652877706,,B
BHP,20130205,12:33:49.025,37.270,41,1528.07,0,6230424149652893361,,B
BHP,20130205,12:34:44.709,37.270,20,745.4,0,6230424149652893444,,B
BHP,20130205,12:35:41.093,37.270,484,18038.68,0,6230424149652911695,,B
BHP,20130205,12:36:16.035,37.270,420,15653.4,0,6230424149652917037,,B
BHP,20130205,12:51:20.956,37.270,62,2310.74,0,6230424149653067877,,B
BHP,20130205,12:55:19.818,37.270,4,149.08,0,6230424149653108302,,B
BHP,20130205,12:55:22.506,37.270,282,10510.14,0,6230424149653109745,,B
BHP,20130205,12:58:19.056,37.270,36,1341.72,0,6230424149653091393,,B
BHP,20130205,12:59:07.708,37.270,56,2087.12,0,6230424149653144387,,B
BHP,20130205,13:00:00.710,37.270,19,708.13,0,6230424149653144507,,B
BHP,20130205,13:29:08.251,37.270,1,37.27,0,6230424149653153371,,B
BHP,20130205,14:43:27.144,37.270,74,2757.98,0,6230424149653853287,,B
BHP,20130205,14:49:58.267,37.270,1,37.27,0,6230424149653895167,,B
BHP,20130205,15:14:06.187,37.270,200,7454,0,6230424149654071222,,B
BHP,20130205,15:14:38.268,37.270,188,7006.76,0,6230424149654074969,,B
BHP,20130205,15:18:49.253,37.270,200,7454,0,6230424149654080229,,B
BHP,20130205,15:18:50.956,37.270,1046,38984.42,0,6230424149654096200,,B
BHP,20130205,15:25:01.165,37.270,1162,43307.74,0,6230424149654143857,,B
BHP,20130205,15:25:02.527,37.270,328,12224.56,0,6230424149654162236,,B
BHP,20130205,15:27:25.409,37.270,44,1639.88,0,6230424149654167838,,B
BHP,20130205,15:34:18.577,37.270,746,27803.42,0,6230424149654230613,,B
BHP,20130205,15:34:34.733,37.270,2,74.54,0,6230424149654231128,,B
BHP,20130205,15:42:45.669,37.270,16,596.32,0,6230424149654314114,,B
BHP,20130205,15:43:00.510,37.270,178,6634.06,0,6230424149654316207,,B
BHP,20130205,15:43:04.199,37.270,21,782.67,0,6230424149654316780,,B
BHP,20130205,15:43:10.850,37.270,186,6932.22,0,6230424149654317622,,B
BHP,20130205,15:43:45.279,37.270,105,3913.35,0,6230424149654322374,,B
BHP,20130205,15:43:53.426,37.270,267,9951.09,0,6230424149654323025,,B
BHP,20130205,15:44:15.819,37.270,41,1528.07,0,6230424149654317665,,B
BHP,20130205,15:44:41.793,37.270,536,19976.72,0,6230424149654330617,,B
BHP,20130205,15:45:13.273,37.270,946,35257.42,0,6230424149654335805,,B
BHP,20130205,15:45:25.951,37.270,122,4546.94,0,6230424149654336369,,B
BHP,20130205,15:47:06.243,37.270,30,1118.1,0,6230424149654342773,,B
BHP,20130205,15:48:05.633,37.270,331,12336.37,0,6230424149654354524,,B
BHP,20130205,15:51:08.314,37.270,57,2124.39,0,6230424149654397407,,B
BHP,20130205,15:53:18.728,37.270,23,857.21,0,6230424149654421485,,B
BHP,20130205,15:53:30.307,37.270,103,3838.81,0,6230424149654429158,,B
BHP,20130205,15:53:38.314,37.270,19,708.13,0,6230424149654431055,,B
BHP,20130205,15:54:31.720,37.270,139,5180.53,0,6230424149654432132,,B
BHP,20130205,15:54:59.939,37.270,265,9876.55,0,6230424149654447732,,B
BHP,20130205,11:43:57.729,37.265,6,223.59,0,6230424149652520594,,B
BHP,20130205,14:43:14.498,37.265,6,223.59,0,6230424149653852278,,B
BHP,20130205,15:42:43.877,37.265,17,633.505,0,6230424149654313693,,B
BHP,20130205,15:47:19.949,37.265,11,409.915,0,6230424149654349544,,B
BHP,20130205,11:18:19.502,37.260,150,5589,0,6230424149652266536,,B
BHP,20130205,11:20:08.817,37.260,2,74.52,0,6230424149652318159,,B
BHP,20130205,11:20:17.736,37.260,228,8495.28,0,6230424149652332273,,B
BHP,20130205,11:20:23.122,37.260,2000,74520,0,6230424149652341083,,B
BHP,20130205,11:21:13.690,37.260,217,8085.42,0,6230424149652373163,,B
BHP,20130205,11:21:24.948,37.260,205,7638.3,0,6230424149652374217,,B
BHP,20130205,11:22:31.503,37.260,267,9948.42,0,6230424149652373193,,B
BHP,20130205,11:22:42.664,37.260,44,1639.44,0,6230424149652378793,,B
BHP,20130205,11:22:59.760,37.260,231,8607.06,0,6230424149652382319,,B
BHP,20130205,11:28:42.784,37.260,10,372.6,0,6230424149652388859,,B
BHP,20130205,11:28:59.837,37.260,587,21871.62,0,6230424149652388859,,B
BHP,20130205,11:28:59.971,37.260,4776,177953.76,0,6230424149652417087,,B
BHP,20130205,11:30:05.398,37.260,139,5179.14,0,6230424149652422789,,B
BHP,20130205,11:32:30.097,37.260,1003,37371.78,0,6230424149651816136,,B
BHP,20130205,11:33:13.898,37.260,1000,37260,0,6230424149652445194,,B
BHP,20130205,11:36:38.199,37.260,268,9985.68,0,6230424149652457767,,B
BHP,20130205,11:39:51.836,37.260,1436,53505.36,0,6230424149652474941,,B
BHP,20130205,11:40:29.911,37.260,4,149.04,0,6230424149652493282,,B
BHP,20130205,11:41:48.275,37.260,1200,44712,0,6230424149652501691,,B
BHP,20130205,11:43:10.439,37.260,110,4098.6,0,6230424149652516348,,B
BHP,20130205,11:44:20.099,37.260,23,856.98,0,6230424149652519875,,B
BHP,20130205,11:44:33.353,37.260,13,484.38,0,6230424149652522981,,B
BHP,20130205,11:44:34.973,37.260,7,260.82,0,6230424149652523276,,B
BHP,20130205,11:45:44.375,37.260,7,260.82,0,6230424149652532889,,B
BHP,20130205,11:45:50.805,37.260,15,558.9,0,6230424149652535475,,B
BHP,20130205,12:23:19.040,37.260,4,149.04,0,6230424149652819276,,B
BHP,20130205,12:30:14.832,37.260,150,5589,0,6230424149652832240,,B
BHP,20130205,12:30:15.067,37.260,74,2757.24,0,6230424149652855498,,B
BHP,20130205,12:30:21.323,37.260,2,74.52,0,6230424149652856437,,B
BHP,20130205,12:30:39.030,37.260,200,7452,0,6230424149652857986,,B
BHP,20130205,12:35:22.783,37.260,22,819.72,0,6230424149652894251,,B
BHP,20130205,12:35:48.164,37.260,141,5253.66,0,6230424149652911767,,B
BHP,20130205,12:36:32.921,37.260,600,22356,0,6230424149652916938,,B
BHP,20130205,12:36:46.737,37.260,139,5179.14,0,6230424149652916939,,B
BHP,20130205,12:38:36.793,37.260,1140,42476.4,0,6230424149652938950,,B
BHP,20130205,12:42:00.710,37.260,1,37.26,0,6230424149652971854,,B
BHP,20130205,12:49:21.265,37.260,13,484.38,0,6230424149653054089,,B
BHP,20130205,12:51:24.550,37.260,500,18630,0,6230424149653066395,,B
BHP,20130205,12:53:14.542,37.260,3903,145425.78,0,6230424149653093290,,B
BHP,20130205,12:55:22.517,37.260,1,37.26,0,6230424149653109761,,B
BHP,20130205,12:55:51.719,37.260,28,1043.28,0,6230424149653113384,,B
BHP,20130205,12:58:21.310,37.260,47,1751.22,0,6230424149653128499,,B
BHP,20130205,13:00:17.429,37.260,1,37.26,0,6230424149652991444,,B
BHP,20130205,13:00:20.048,37.260,21,782.46,0,6230424149653152799,,B
BHP,20130205,13:29:44.649,37.260,328,12221.28,0,6230424149653359000,,B
BHP,20130205,14:36:40.958,37.260,500,18630,0,6230424149653809354,,B
BHP,20130205,14:37:20.940,37.260,192,7153.92,0,6230424149653817146,,B
BHP,20130205,14:38:00.008,37.260,3,111.78,0,6230424149653822255,,B
BHP,20130205,14:39:25.575,37.260,5,186.3,0,6230424149653830152,,B
BHP,20130205,14:39:41.479,37.260,200,7452,0,6230424149653830923,,B
BHP,20130205,14:42:26.589,37.260,408,15202.08,0,6230424149653838948,,B
BHP,20130205,14:43:32.007,37.260,6,223.56,0,6230424149653846846,,B
BHP,20130205,14:44:14.043,37.260,626,23324.76,0,6230424149653847474,,B
BHP,20130205,14:44:25.847,37.260,9,335.34,0,6230424149653857301,,B
BHP,20130205,14:44:49.916,37.260,10,372.6,0,6230424149653861352,,B
BHP,20130205,14:47:37.673,37.260,16,596.16,0,6230424149653881751,,B
BHP,20130205,14:48:53.267,37.260,118,4396.68,0,6230424149653889258,,B
BHP,20130205,14:49:22.137,37.260,200,7452,0,6230424149653891912,,B
BHP,20130205,14:49:58.267,37.260,944,35173.44,0,6230424149653895167,,B
BHP,20130205,14:49:58.351,37.260,5,186.3,0,6230424149653889672,,B
BHP,20130205,14:50:00.538,37.260,342,12742.92,0,6230424149653893226,,B
BHP,20130205,15:02:34.590,37.260,134,4992.84,0,6230424149653989834,,B
BHP,20130205,15:11:41.646,37.260,4,149.04,0,6230424149654053224,,B
BHP,20130205,15:12:19.536,37.260,68,2533.68,0,6230424149654058962,,B
BHP,20130205,15:35:45.192,37.260,800,29808,0,6230424149654215369,,B
BHP,20130205,15:36:24.712,37.260,809,30143.34,0,6230424149654254530,,B
BHP,20130205,15:38:15.310,37.260,200,7452,0,6230424149654272830,,B
BHP,20130205,15:38:15.635,37.260,17,633.42,0,6230424149654274928,,B
BHP,20130205,15:39:11.236,37.260,30,1117.8,0,6230424149654276220,,B
BHP,20130205,15:40:25.517,37.260,54,2012.04,0,6230424149654298056,,B
BHP,20130205,15:42:10.356,37.260,214,7973.64,0,6230424149654310864,,B
BHP,20130205,15:42:44.107,37.260,823,30664.98,0,6230424149654313548,,B
BHP,20130205,15:44:24.377,37.260,583,21722.58,0,6230424149654315418,,B
BHP,20130205,15:48:38.322,37.260,50,1863,0,6230424149654322543,,B
BHP,20130205,15:48:49.181,37.260,1300,48438,0,6230424149654327833,,B
BHP,20130205,15:49:22.031,37.260,300,11178,0,6230424149654371782,,B
BHP,20130205,15:49:29.146,37.260,4,149.04,0,6230424149654373353,,B
BHP,20130205,15:50:10.591,37.260,4,149.04,0,6230424149654375110,,B
BHP,20130205,15:50:17.467,37.260,39,1453.14,0,6230424149654377678,,B
BHP,20130205,15:50:22.310,37.260,46,1713.96,0,6230424149654381729,,B
BHP,20130205,15:50:56.310,37.260,1391,51828.66,0,6230424149654395055,,B
BHP,20130205,15:51:11.967,37.260,372,13860.72,0,6230424149654397908,,B
BHP,20130205,15:51:34.343,37.260,1,37.26,0,6230424149654397680,,B
BHP,20130205,15:54:36.772,37.260,36,1341.36,0,6230424149654414446,,B
BHP,20130205,15:55:04.579,37.260,1,37.26,0,6230424149654449083,,B
BHP,20130205,15:55:25.797,37.260,11,409.86,0,6230424149654432615,,B
BHP,20130205,14:41:09.775,37.255,18,670.59,0,6230424149653839906,,B
BHP,20130205,14:49:57.011,37.255,8,298.04,0,6230424149653895092,,B
BHP,20130205,11:20:53.466,37.250,400,14900,0,6228051953316358381,,B
BHP,20130205,11:21:33.234,37.250,6,223.5,0,6230424149651779370,,B
BHP,20130205,11:42:06.983,37.250,101,3762.25,0,6230424149652470450,,B
BHP,20130205,11:45:11.183,37.250,1963,73121.75,0,6230424149652484520,,B
BHP,20130205,11:45:11.355,37.250,10,372.5,0,6230424149652526864,,B
BHP,20130205,11:45:12.235,37.250,146,5438.5,0,6230424149652527354,,B
BHP,20130205,11:45:12.451,37.250,111,4134.75,0,6230424149652527513,,B
BHP,20130205,11:45:39.480,37.250,299,11137.75,0,6230424149652531983,,B
BHP,20130205,11:45:46.324,37.250,272,10132,0,6230424149652532614,,B
BHP,20130205,11:45:50.805,37.250,92,3427,0,6230424149652535475,,B
BHP,20130205,11:45:52.934,37.250,23,856.75,0,6230424149652535885,,B
BHP,20130205,12:12:30.806,37.250,250,9312.5,0,6230424149652720069,,B
BHP,20130205,12:12:53.360,37.250,1,37.25,0,6230424149652752365,,B
BHP,20130205,12:23:27.298,37.250,13,484.25,0,6230424149652816750,,B
BHP,20130205,12:24:20.597,37.250,16,596,0,6230424149652819349,,B
BHP,20130205,12:35:48.178,37.250,23,856.75,0,6230424149652827762,,B
BHP,20130205,12:36:53.585,37.250,1100,40975,0,6230424149652914835,,B
BHP,20130205,12:37:23.823,37.250,2000,74500,0,6230424149652924893,,B
BHP,20130205,12:38:32.783,37.250,5,186.25,0,6230424149652938278,,B
BHP,20130205,12:39:16.397,37.250,7,260.75,0,6230424149652940694,,B
BHP,20130205,12:39:49.239,37.250,96,3576,0,6230424149652946075,,B
BHP,20130205,12:42:27.112,37.250,141,5252.25,0,6230424149652971412,,B
BHP,20130205,12:45:07.853,37.250,1196,44551,0,6230424149653007403,,B
BHP,20130205,12:45:16.154,37.250,3,111.75,0,6230424149653010344,,B
BHP,20130205,12:49:35.842,37.250,85,3166.25,0,6230424149653058115,,B
BHP,20130205,12:51:33.567,37.250,528,19668,0,6230424149653067243,,B
BHP,20130205,12:53:39.143,37.250,100,3725,0,6230424149653090507,,B
BHP,20130205,12:54:47.786,37.250,50,1862.5,0,6230424149653095900,,B
BHP,20130205,12:55:57.653,37.250,18,670.5,0,6230424149653105918,,B
BHP,20130205,12:56:47.060,37.250,466,17358.5,0,6230424149653115592,,B
BHP,20130205,13:32:10.003,37.250,172,6407,0,6230424149653124988,,B
BHP,20130205,13:35:24.027,37.250,11,409.75,0,6230424149653398700,,B
BHP,20130205,13:37:36.700,37.250,205,7636.25,0,6230424149653413044,,B
BHP,20130205,13:37:36.790,37.250,300,11175,0,6230424149653413235,,B
BHP,20130205,13:59:13.307,37.250,784,29204,0,6230424149653559481,,B
BHP,20130205,14:36:05.139,37.250,14,521.5,0,6230424149653804952,,B
BHP,20130205,14:37:24.898,37.250,156,5811,0,6230424149653816618,,B
BHP,20130205,14:38:40.288,37.250,15,558.75,0,6230424149653821059,,B
BHP,20130205,14:39:42.647,37.250,1,37.25,0,6230424149653828602,,B
BHP,20130205,14:39:49.215,37.250,77,2868.25,0,6230424149653829774,,B
BHP,20130205,14:40:00.440,37.250,9,335.25,0,6230424149653831850,,B
BHP,20130205,14:46:49.430,37.250,1549,57700.25,0,6230424149653875701,,B
BHP,20130205,14:50:12.440,37.250,200,7450,0,6230424149653876975,,B
BHP,20130205,14:51:59.525,37.250,4,149,0,6230424149653914852,,B
BHP,20130205,14:54:20.914,37.250,290,10802.5,0,6230424149653930496,,B
BHP,20130205,14:54:33.496,37.250,63,2346.75,0,6230424149653931540,,B
BHP,20130205,14:57:18.954,37.250,337,12553.25,0,6230424149653956101,,B
BHP,20130205,15:03:02.157,37.250,5,186.25,0,6230424149653984442,,B
BHP,20130205,15:04:09.567,37.250,15,558.75,0,6230424149653999433,,B
BHP,20130205,15:05:56.285,37.250,300,11175,0,6230424149654012670,,B
BHP,20130205,15:11:43.203,37.250,404,15049,0,6230424149654051097,,B
BHP,20130205,15:37:23.514,37.250,500,18625,0,6230424149654071099,,B
BHP,20130205,15:37:29.178,37.250,570,21232.5,0,6230424149654224838,,B
BHP,20130205,15:38:14.872,37.250,1000,37250,0,6230424149654274438,,B
BHP,20130205,15:39:33.535,37.250,44,1639,0,6230424149654274663,,B
BHP,20130205,15:39:53.296,37.250,200,7450,0,6230424149654291052,,B
BHP,20130205,15:41:00.712,37.250,1691,62989.75,0,6230424149654298173,,B
BHP,20130205,15:41:08.777,37.250,98,3650.5,0,6230424149654302201,,B
BHP,20130205,15:41:16.681,37.250,679,25292.75,0,6230424149654302202,,B
BHP,20130205,15:49:03.898,37.250,138,5140.5,0,6230424149654311718,,B
BHP,20130205,15:49:14.197,37.250,1872,69732,0,6230424149654311718,,B
BHP,20130205,15:49:33.526,37.250,2,74.5,0,6230424149654373278,,B
BHP,20130205,15:55:36.055,37.250,1,37.25,0,6230424149654373278,,B
BHP,20130205,15:55:47.834,37.250,541,20152.25,0,6230424149654456665,,B
BHP,20130205,15:57:01.942,37.250,31,1154.75,0,6230424149654325807,,B
BHP,20130205,15:57:39.187,37.250,1000,37250,0,6230424149654474523,,B
BHP,20130205,12:40:40.522,37.245,3,111.735,0,6230424149652955311,,B
BHP,20130205,14:46:14.730,37.245,2,74.49,0,6230424149653872272,,B
BHP,20130205,14:52:27.035,37.245,41,1527.045,0,6230424149653917573,,B
BHP,20130205,11:45:11.597,37.240,24,893.76,0,6230424149652512659,,B
BHP,20130205,11:45:13.858,37.240,59,2197.16,0,6230424149652527480,,B
BHP,20130205,11:45:46.342,37.240,900,33516,0,6230424149652532969,,B
BHP,20130205,11:46:13.228,37.240,23,856.52,0,6230424149652538865,,B
BHP,20130205,11:46:44.183,37.240,62,2308.88,0,6230424149652534685,,B
BHP,20130205,11:54:59.689,37.240,165,6144.6,0,6230424149652610877,,B
BHP,20130205,12:11:45.925,37.240,28,1042.72,0,6230424149652739124,,B
BHP,20130205,12:11:56.741,37.240,206,7671.44,0,6230424149652745539,,B
BHP,20130205,12:12:05.298,37.240,30,1117.2,0,6230424149652746412,,B
BHP,20130205,12:13:38.565,37.240,809,30127.16,0,6230424149652747437,,B
BHP,20130205,12:14:16.926,37.240,820,30536.8,0,6230424149652762141,,B
BHP,20130205,12:14:16.988,37.240,16,595.84,0,6230424149652762217,,B
BHP,20130205,12:14:38.417,37.240,130,4841.2,0,6230424149652758669,,B
BHP,20130205,12:14:44.619,37.240,11,409.64,0,6230424149652765092,,B
BHP,20130205,12:15:14.287,37.240,4,148.96,0,6230424149652768026,,B
BHP,20130205,12:16:14.545,37.240,106,3947.44,0,6230424149652773609,,B
BHP,20130205,12:22:15.925,37.240,35,1303.4,0,6230424149652812847,,B
BHP,20130205,12:22:37.639,37.240,40,1489.6,0,6230424149652814171,,B
BHP,20130205,12:41:58.871,37.240,956,35601.44,0,6230424149652970958,,B
BHP,20130205,12:43:07.636,37.240,141,5250.84,0,6230424149652971218,,B
BHP,20130205,12:45:07.983,37.240,134,4990.16,0,6230424149653007100,,B
BHP,20130205,12:45:26.835,37.240,3,111.72,0,6230424149653011874,,B
BHP,20130205,12:48:45.546,37.240,128,4766.72,0,6230424149653049671,,B
BHP,20130205,12:48:58.992,37.240,122,4543.28,0,6230424149653052187,,B
BHP,20130205,13:32:10.174,37.240,14,521.36,0,6230424149653372413,,B
BHP,20130205,13:32:51.190,37.240,180,6703.2,0,6230424149653384479,,B
BHP,20130205,13:32:59.160,37.240,2,74.48,0,6230424149653385475,,B
BHP,20130205,13:35:26.445,37.240,25,931,0,6230424149653391251,,B
BHP,20130205,13:37:36.790,37.240,266,9905.84,0,6230424149653408391,,B
BHP,20130205,13:37:36.891,37.240,42,1564.08,0,6230424149653413286,,B
BHP,20130205,13:39:23.405,37.240,152,5660.48,0,6230424149653424854,,B
BHP,20130205,13:41:27.120,37.240,28,1042.72,0,6230424149653434066,,B
BHP,20130205,13:41:45.606,37.240,59,2197.16,0,6230424149653435327,,B
BHP,20130205,13:58:48.424,37.240,1,37.24,0,6230424149653557206,,B
BHP,20130205,13:59:13.345,37.240,254,9458.96,0,6230424149653558642,,B
BHP,20130205,14:04:32.848,37.240,180,6703.2,0,6230424149653566704,,B
BHP,20130205,14:26:36.714,37.240,133,4952.92,0,6230424149653735904,,B
BHP,20130205,14:30:06.008,37.240,21,782.04,0,6230424149653758618,,B
BHP,20130205,14:35:58.260,37.240,335,12475.4,0,6230424149653794166,,B
BHP,20130205,14:36:22.292,37.240,32,1191.68,0,6230424149653797714,,B
BHP,20130205,14:36:35.383,37.240,40,1489.6,0,6230424149653797714,,B
BHP,20130205,14:37:52.904,37.240,117,4357.08,0,6230424149653805106,,B
BHP,20130205,14:45:59.806,37.240,36,1340.64,0,6230424149653834656,,B
BHP,20130205,14:46:00.557,37.240,328,12214.72,0,6230424149653870438,,B
BHP,20130205,14:50:12.585,37.240,771,28712.04,0,6230424149653875488,,B
BHP,20130205,14:53:45.270,37.240,402,14970.48,0,6230424149653914068,,B
BHP,20130205,14:54:37.961,37.240,115,4282.6,0,6230424149653914068,,B
BHP,20130205,14:57:02.260,37.240,528,19662.72,0,6230424149653953555,,B
BHP,20130205,14:57:09.285,37.240,134,4990.16,0,6230424149653954720,,B
BHP,20130205,15:00:18.568,37.240,1,37.24,0,6230424149653973809,,B
BHP,20130205,15:00:41.220,37.240,68,2532.32,0,6230424149653976389,,B
BHP,20130205,15:04:09.567,37.240,1033,38468.92,0,6230424149653981281,,B
BHP,20130205,15:04:19.211,37.240,85,3165.4,0,6230424149654000515,,B
BHP,20130205,15:05:56.357,37.240,3,111.72,0,6230424149654012672,,B
BHP,20130205,15:07:55.263,37.240,1341,49938.84,0,6230424149654022669,,B
BHP,20130205,15:07:55.509,37.240,2,74.48,0,6230424149654021437,,B
BHP,20130205,15:07:59.398,37.240,946,35229.04,0,6230424149654022931,,B
BHP,20130205,15:39:53.375,37.240,342,12736.08,0,6230424149654100830,,B
BHP,20130205,15:40:05.378,37.240,969,36085.56,0,6230424149654292032,,B
BHP,20130205,15:40:08.835,37.240,138,5139.12,0,6230424149654294758,,B
BHP,20130205,15:55:49.948,37.240,1,37.24,0,6230424149654457105,,B
BHP,20130205,15:56:05.069,37.240,53,1973.72,0,6230424149654460160,,B
BHP,20130205,15:56:29.958,37.240,327,12177.48,0,6230424149654463871,,B
BHP,20130205,15:56:31.173,37.240,21,782.04,0,6230424149654464124,,B
BHP,20130205,15:57:06.991,37.240,29,1079.96,0,6230424149654465023,,B
BHP,20130205,15:57:40.815,37.240,35,1303.4,0,6230424149654468099,,B
BHP,20130205,15:57:55.912,37.240,302,11246.48,0,6230424149654468099,,B
BHP,20130205,15:58:05.989,37.240,1,37.24,0,6230424149654479055,,B
BHP,20130205,11:56:10.195,37.235,600,22341,0,6230424149652621448,,B
BHP,20130205,14:28:25.538,37.235,36,1340.46,0,6230424149653749088,,B
BHP,20130205,14:29:27.124,37.235,41,1526.635,0,6230424149653754738,,B
BHP,20130205,14:51:56.776,37.235,21,781.935,0,6230424149653914064,,B
BHP,20130205,11:45:27.164,37.230,290,10796.7,0,6230424149651776568,,B
BHP,20130205,11:47:33.084,37.230,588,21891.24,0,6230424149651776568,,B
BHP,20130205,11:52:10.180,37.230,934,34772.82,0,6230424149652589126,,B
BHP,20130205,11:54:45.163,37.230,1094,40729.62,0,6230424149652608882,,B
BHP,20130205,11:55:34.038,37.230,55,2047.65,0,6230424149652610161,,B
BHP,20130205,11:56:14.052,37.230,190,7073.7,0,6230424149652618264,,B
BHP,20130205,11:56:22.884,37.230,764,28443.72,0,6230424149652624305,,B
BHP,20130205,12:11:45.706,37.230,1,37.23,0,6230424149652743358,,B
BHP,20130205,12:12:10.178,37.230,234,8711.82,0,6230424149652743457,,B
BHP,20130205,12:13:44.024,37.230,43,1600.89,0,6230424149652749830,,B
BHP,20130205,12:16:47.787,37.230,220,8190.6,0,6230424149652762025,,B
BHP,20130205,12:17:18.851,37.230,4,148.92,0,6230424149652760522,,B
BHP,20130205,12:19:34.041,37.230,1,37.23,0,6230424149652795215,,B
BHP,20130205,12:22:00.952,37.230,150,5584.5,0,6230424149652810930,,B
BHP,20130205,12:41:29.023,37.230,560,20848.8,0,6230424149652812776,,B
BHP,20130205,12:43:30.549,37.230,141,5249.43,0,6230424149652966721,,B
BHP,20130205,12:44:09.647,37.230,141,5249.43,0,6230424149652994792,,B
BHP,20130205,12:45:07.983,37.230,946,35219.58,0,6230424149651963209,,B
BHP,20130205,12:46:32.269,37.230,44,1638.12,0,6230424149653010825,,B
BHP,20130205,12:48:53.479,37.230,1,37.23,0,6230424149653043227,,B
BHP,20130205,13:32:19.718,37.230,1,37.23,0,6230424149653095500,,B
BHP,20130205,13:32:36.843,37.230,291,10833.93,0,6230424149653381012,,B
BHP,20130205,13:33:49.405,37.230,3,111.69,0,6230424149653384692,,B
BHP,20130205,13:35:56.727,37.230,7,260.61,0,6230424149653384692,,B
BHP,20130205,13:36:53.037,37.230,2,74.46,0,6230424149653384692,,B
BHP,20130205,13:38:43.188,37.230,2000,74460,0,6230424149653385132,,B
BHP,20130205,13:42:06.671,37.230,16,595.68,0,6230424149653425027,,B
BHP,20130205,13:58:15.178,37.230,142,5286.66,0,6230424149653553159,,B
BHP,20130205,13:59:58.325,37.230,142,5286.66,0,6230424149653553628,,B
BHP,20130205,14:04:17.656,37.230,382,14221.86,0,6230424149653587128,,B
BHP,20130205,14:26:36.714,37.230,1,37.23,0,6230424149653735904,,B
BHP,20130205,14:26:54.417,37.230,52,1935.96,0,6230424149653737160,,B
BHP,20130205,14:30:02.659,37.230,131,4877.13,0,6230424149653704250,,B
BHP,20130205,14:30:10.067,37.230,1093,40692.39,0,6230424149653757973,,B
BHP,20130205,14:51:11.090,37.230,1,37.23,0,6230424149653789061,,B
BHP,20130205,14:51:14.083,37.230,6,223.38,0,6230424149653906901,,B
BHP,20130205,14:51:14.308,37.230,661,24609.03,0,6230424149653906910,,B
BHP,20130205,14:51:15.084,37.230,264,9828.72,0,6230424149653907129,,B
BHP,20130205,14:54:38.025,37.230,362,13477.26,0,6230424149653910398,,B
BHP,20130205,14:58:50.842,37.230,46,1712.58,0,6230424149653954943,,B
BHP,20130205,15:04:09.655,37.230,665,24757.95,0,6230424149653973952,,B
BHP,20130205,15:39:53.521,37.230,201,7483.23,0,6230424149654019782,,B
BHP,20130205,15:55:59.904,37.230,1,37.23,0,6230424149654459163,,B
BHP,20130205,15:56:02.185,37.230,1,37.23,0,6230424149654459675,,B
BHP,20130205,15:56:04.376,37.230,97,3611.31,0,6230424149654163526,,B
BHP,20130205,15:56:07.648,37.230,47,1749.81,0,6230424149654163526,,B
BHP,20130205,15:56:20.422,37.230,1407,52382.61,0,6230424149654272321,,B
BHP,20130205,15:58:19.569,37.230,856,31868.88,0,6230424149654272321,,B
BHP,20130205,15:59:03.457,37.230,85,3164.55,0,6230424149654490323,,B
BHP,20130205,15:59:36.899,37.230,180,6701.4,0,6230424149654498229,,B
BHP,20130205,15:59:47.651,37.230,50,1861.5,0,6230424149654501452,,B
BHP,20130205,15:59:47.726,37.230,545,20290.35,0,6230424149654501480,,B
BHP,20130205,15:59:59.323,37.230,43,1600.89,0,6230424149654505229,,B
BHP,20130205,11:47:52.113,37.220,920,34242.4,0,6230424149651935924,,B
BHP,20130205,11:48:39.990,37.220,5,186.1,0,6230424149652559166,,B
BHP,20130205,11:51:50.901,37.220,10,372.2,0,6230424149652586494,,B
BHP,20130205,11:52:10.131,37.220,6138,228456.36,0,6230424149652589014,,B
BHP,20130205,11:52:55.136,37.220,1439,53559.58,0,6230424149652589024,,B
BHP,20130205,11:57:10.048,37.220,528,19652.16,0,6230424149652607885,,B
BHP,20130205,11:57:38.368,37.220,20,744.4,0,6230424149652633864,,B
BHP,20130205,12:09:37.101,37.220,48,1786.56,0,6230424149652725120,,B
BHP,20130205,12:20:00.724,37.220,33,1228.26,0,6230424149652742835,,B
BHP,20130205,12:20:58.538,37.220,170,6327.4,0,6230424149652742835,,B
BHP,20130205,12:43:44.311,37.220,479,17828.38,0,6230424149652742835,,B
BHP,20130205,12:44:32.917,37.220,996,37071.12,0,6230424149652999876,,B
BHP,20130205,12:45:00.541,37.220,15,558.3,0,6230424149652994222,,B
BHP,20130205,12:46:52.103,37.220,990,36847.8,0,6230424149652476560,,B
BHP,20130205,12:47:07.706,37.220,69,2568.18,0,6230424149653027729,,B
BHP,20130205,13:38:48.474,37.220,9,334.98,0,6230424149653383065,,B
BHP,20130205,13:42:12.921,37.220,1430,53224.6,0,6230424149653386029,,B
BHP,20130205,13:42:46.419,37.220,142,5285.24,0,6230424149653441884,,B
BHP,20130205,13:44:17.487,37.220,2,74.44,0,6230424149653447320,,B
BHP,20130205,14:00:28.736,37.220,1,37.22,0,6230424149653520328,,B
BHP,20130205,14:04:17.696,37.220,149,5545.78,0,6230424149653586446,,B
BHP,20130205,14:05:00.599,37.220,528,19652.16,0,6230424149653587027,,B
BHP,20130205,14:07:31.789,37.220,77,2865.94,0,6230424149653592910,,B
BHP,20130205,14:11:15.247,37.220,4,148.88,0,6230424149653629707,,B
BHP,20130205,14:11:21.969,37.220,400,14888,0,6230424149653630859,,B
BHP,20130205,14:25:23.899,37.220,20,744.4,0,6230424149653727644,,B
BHP,20130205,14:26:06.891,37.220,150,5583,0,6230424149653729283,,B
BHP,20130205,14:27:17.256,37.220,82,3052.04,0,6230424149653735922,,B
BHP,20130205,14:30:11.378,37.220,1494,55606.68,0,6230424149653739785,,B
BHP,20130205,14:54:38.242,37.220,28,1042.16,0,6230424149653917569,,B
BHP,20130205,14:55:09.244,37.220,1905,70904.1,0,6230424149653932945,,B
BHP,20130205,14:56:10.302,37.220,79,2940.38,0,6230424149653947500,,B
BHP,20130205,14:56:24.829,37.220,3000,111660,0,6230424149653948675,,B
BHP,20130205,14:56:45.298,37.220,59,2195.98,0,6230424149653950479,,B
BHP,20130205,15:58:20.814,37.220,542,20173.24,0,6230424149654101495,,B
BHP,20130205,15:58:55.375,37.220,65,2419.3,0,6230424149654101495,,B
BHP,20130205,15:58:59.871,37.220,54,2009.88,0,6230424149654101495,,B
BHP,20130205,15:59:03.758,37.220,2186,81362.92,0,6230424149654272495,,B
BHP,20130205,15:59:17.266,37.220,219,8151.18,0,6230424149654481486,,B
BHP,20130205,15:59:17.860,37.220,33,1228.26,0,6230424149654485188,,B
BHP,20130205,15:59:41.623,37.220,34,1265.48,0,6230424149654498440,,B
BHP,20130205,15:59:50.927,37.220,3,111.66,0,6230424149654502573,,B
BHP,20130205,15:59:57.000,37.220,9,334.98,0,6230424149654504273,,B
BHP,20130205,11:49:08.940,37.210,100,3721,0,6228446128233389168,,B
BHP,20130205,11:49:14.387,37.210,1446,53805.66,0,6230424149652307234,,B
BHP,20130205,11:49:21.998,37.210,300,11163,0,6230424149652453043,,B
BHP,20130205,11:50:36.546,37.210,98,3646.58,0,6230424149652577558,,B
BHP,20130205,11:53:48.932,37.210,1211,45061.31,0,6230424149652581179,,B
BHP,20130205,11:57:10.205,37.210,1000,37210,0,6230424149652599207,,B
BHP,20130205,11:58:30.436,37.210,1667,62029.07,0,6230424149652642133,,B
BHP,20130205,11:58:30.521,37.210,245,9116.45,0,6230424149652642256,,B
BHP,20130205,11:58:31.367,37.210,182,6772.22,0,6230424149652642459,,B
BHP,20130205,12:08:57.030,37.210,5,186.05,0,6230424149652717430,,B
BHP,20130205,12:09:44.379,37.210,85,3162.85,0,6230424149652724583,,B
BHP,20130205,12:10:50.544,37.210,186,6921.06,0,6230424149652730847,,B
BHP,20130205,12:11:41.766,37.210,32,1190.72,0,6230424149652737363,,B
BHP,20130205,12:43:44.350,37.210,200,7442,0,6230424149652761180,,B
BHP,20130205,12:48:20.660,37.210,41,1525.61,0,6230424149653033300,,B
BHP,20130205,13:42:12.974,37.210,500,18605,0,6230424149653368102,,B
BHP,20130205,14:07:38.078,37.210,1,37.21,0,6230424149653606432,,B
BHP,20130205,14:07:40.157,37.210,143,5321.03,0,6230424149653607956,,B
BHP,20130205,14:11:15.173,37.210,2,74.42,0,6230424149653629573,,B
BHP,20130205,14:11:31.930,37.210,452,16818.92,0,6230424149653631910,,B
BHP,20130205,14:13:44.875,37.210,20,744.2,0,6230424149653643587,,B
BHP,20130205,14:17:48.345,37.210,35,1302.35,0,6230424149653676315,,B
BHP,20130205,14:30:32.289,37.210,616,22921.36,0,6230424149653736801,,B
BHP,20130205,14:32:50.446,37.210,200,7442,0,6230424149653780505,,B
BHP,20130205,14:33:22.097,37.210,328,12204.88,0,6230424149653782933,,B
BHP,20130205,14:33:39.308,37.210,225,8372.25,0,6230424149653784007,,B
BHP,20130205,14:55:27.617,37.210,278,10344.38,0,6230424149653784270,,B
BHP,20130205,14:56:10.345,37.210,125,4651.25,0,6230424149653947529,,B
BHP,20130205,14:56:27.050,37.210,16,595.36,0,6230424149653948491,,B
BHP,20130205,15:59:19.893,37.210,135,5023.35,0,6230424149653948491,,B
BHP,20130205,15:59:30.502,37.210,60,2232.6,0,6230424149653948491,,B
BHP,20130205,15:59:34.482,37.210,10,372.1,0,6230424149653948491,,B
BHP,20130205,15:59:53.002,37.210,10,372.1,0,6230424149654485189,,B
BHP,20130205,11:49:34.627,37.200,300,11160,0,6228051953314800894,,B
BHP,20130205,11:59:34.674,37.200,10656,396403.2,0,6230424149652444378,,B
BHP,20130205,12:01:44.913,37.200,196,7291.2,0,6230424149652668467,,B
BHP,20130205,12:08:35.778,37.200,1,37.2,0,6230424149652713272,,B
BHP,20130205,12:09:02.528,37.200,86,3199.2,0,6230424149652717367,,B
BHP,20130205,12:09:23.342,37.200,8,297.6,0,6230424149652718465,,B
BHP,20130205,13:44:32.087,37.200,1000,37200,0,6230424149652938648,,B
BHP,20130205,13:45:33.031,37.200,1065,39618,0,6230424149653450721,,B
BHP,20130205,13:46:07.762,37.200,964,35860.8,0,6230424149653461230,,B
BHP,20130205,13:46:36.273,37.200,196,7291.2,0,6230424149653454929,,B
BHP,20130205,13:50:21.124,37.200,83,3087.6,0,6230424149653497464,,B
BHP,20130205,13:51:07.679,37.200,113,4203.6,0,6230424149653501608,,B
BHP,20130205,13:55:43.811,37.200,84,3124.8,0,6230424149653535895,,B
BHP,20130205,13:57:21.539,37.200,344,12796.8,0,6230424149653547074,,B
BHP,20130205,14:12:06.605,37.200,100,3720,0,6230424149653634400,,B
BHP,20130205,14:13:27.642,37.200,1137,42296.4,0,6230424149653641713,,B
BHP,20130205,14:14:28.092,37.200,2830,105276,0,6230424149653641713,,B
BHP,20130205,14:16:00.161,37.200,167,6212.4,0,6230424149653657374,,B
BHP,20130205,14:17:48.281,37.200,528,19641.6,0,6230424149653676126,,B
BHP,20130205,14:18:58.754,37.200,768,28569.6,0,6230424149653676126,,B
BHP,20130205,14:25:10.091,37.200,1194,44416.8,0,6230424149653725218,,B
BHP,20130205,14:30:47.333,37.200,19,706.8,0,6230424149653757657,,B
BHP,20130205,14:31:02.342,37.200,524,19492.8,0,6230424149653763007,,B
BHP,20130205,14:31:06.325,37.200,5,186,0,6230424149653763007,,B
BHP,20130205,14:32:14.068,37.200,445,16554,0,6230424149653763007,,B
BHP,20130205,14:55:28.223,37.200,670,24924,0,6230424149653778520,,B
BHP,20130205,14:55:40.861,37.200,23,855.6,0,6230424149653821478,,B
BHP,20130205,14:56:11.161,37.200,50,1860,0,6230424149653910668,,B
BHP,20130205,12:01:56.255,37.195,15,557.925,0,6230424149652670213,,B
BHP,20130205,13:48:07.784,37.195,14,520.73,0,6230424149653482448,,B
BHP,20130205,12:04:38.475,37.190,4,148.76,0,6230424149652687613,,B
BHP,20130205,12:06:59.377,37.190,2340,87024.6,0,6230424149652701586,,B
BHP,20130205,12:07:40.315,37.190,59,2194.21,0,6230424149652707163,,B
BHP,20130205,12:07:45.557,37.190,443,16475.17,0,6230424149652707607,,B
BHP,20130205,12:08:30.133,37.190,748,27818.12,0,6230424149652712113,,B
BHP,20130205,13:44:32.267,37.190,972,36148.68,0,6230424149652831549,,B
BHP,20130205,13:44:32.419,37.190,143,5318.17,0,6230424149653449029,,B
BHP,20130205,13:48:30.730,37.190,15,557.85,0,6230424149653450384,,B
BHP,20130205,13:51:47.784,37.190,142,5280.98,0,6230424149653485284,,B
BHP,20130205,13:55:45.076,37.190,1087,40425.53,0,6230424149653536069,,B
BHP,20130205,14:14:33.953,37.190,1295,48161.05,0,6230424149653537710,,B
BHP,20130205,14:15:38.524,37.190,5,185.95,0,6230424149653653886,,B
BHP,20130205,14:16:33.371,37.190,528,19636.32,0,6230424149653653886,,B
BHP,20130205,14:16:37.473,37.190,925,34400.75,0,6230424149653663717,,B
BHP,20130205,14:19:16.668,37.190,48,1785.12,0,6230424149653672019,,B
BHP,20130205,14:19:26.955,37.190,3,111.57,0,6230424149653649377,,B
BHP,20130205,14:19:57.535,37.190,475,17665.25,0,6230424149653686599,,B
BHP,20130205,14:25:10.118,37.190,399,14838.81,0,6230424149653725220,,B
BHP,20130205,14:25:17.210,37.190,288,10710.72,0,6230424149653725838,,B
BHP,20130205,14:32:14.175,37.190,722,26851.18,0,6230424149653760216,,B
BHP,20130205,12:04:48.176,37.180,7,260.26,0,6230424149652686176,,B
BHP,20130205,12:07:03.216,37.180,197,7324.46,0,6230424149652694438,,B
BHP,20130205,12:07:29.357,37.180,100,3718,0,6230424149652699701,,B
BHP,20130205,13:49:10.472,37.180,2,74.36,0,6230424149652699701,,B
BHP,20130205,13:52:15.692,37.180,1800,66924,0,6230424149652704165,,B
BHP,20130205,13:52:20.670,37.180,101,3755.18,0,6230424149653509306,,B
BHP,20130205,13:52:29.023,37.180,9,334.62,0,6230424149653511546,,B
BHP,20130205,13:54:52.896,37.180,26,966.68,0,6230424149653529820,,B
BHP,20130205,14:15:08.320,37.180,1000,37180,0,6230424149653536691,,B
BHP,20130205,14:15:11.598,37.180,27,1003.86,0,6230424149653650088,,B
BHP,20130205,14:16:33.668,37.180,909,33796.62,0,6230424149653651609,,B
BHP,20130205,14:16:48.250,37.180,1000,37180,0,6230424149653662492,,B
BHP,20130205,14:23:29.979,37.180,1,37.18,0,6230424149653706806,,B
BHP,20130205,16:10:43.038,37.180,3305,122879.9,0,6230424149654518847,,B
BHP,20130205,14:23:19.095,37.175,7,260.225,0,6230424149653714288,,B
BHP,20130205,12:04:15.610,37.170,29,1077.93,0,6230424149652666463,,B
BHP,20130205,13:54:34.768,37.170,542,20146.14,0,6230424149652720013,,B
BHP,20130205,13:55:00.727,37.170,27,1003.59,0,6230424149653531232,,B
BHP,20130205,14:15:08.395,37.170,1518,56424.06,0,6230424149653590312,,B
BHP,20130205,14:16:34.501,37.170,1000,37170,0,6230424149653590312,,B
BHP,20130205,14:21:41.572,37.170,360,13381.2,0,6230424149653696865,,B
BHP,20130205,14:23:47.234,37.170,1,37.17,0,6230424149653711131,,B
BHP,20130205,14:24:22.190,37.170,22,817.74,0,6230424149653714026,,B
BHP,20130205,13:54:43.697,37.160,300,11148,0,6230424149652659204,,B
BHP,20130205,14:21:58.235,37.160,926,34410.16,0,6230424149653529715,,B
BHP,20130205,13:54:43.697,37.160,538,19992.08,0,,6230424149653527417,A
BHP,20130205,14:21:49.906,37.160,167,6205.72,0,,6230424149653707877,A
BHP,20130205,13:54:08.877,37.170,500,18585,0,,6230424149653521069,A
BHP,20130205,13:54:52.866,37.170,491,18250.47,0,,6230424149653527424,A
BHP,20130205,14:15:08.395,37.170,1000,37170,0,,6230424149653649429,A
BHP,20130205,14:16:34.185,37.170,1230,45719.1,0,,6230424149653662644,A
BHP,20130205,14:21:37.136,37.170,21,780.57,0,,6230424149653706093,A
BHP,20130205,14:23:14.109,37.170,163,6058.71,0,,6230424149653714127,A
BHP,20130205,12:03:11.337,37.180,167,6209.06,0,,6230424149652668872,A
BHP,20130205,12:04:24.621,37.180,90,3346.2,0,,6230424149652685952,A
BHP,20130205,12:04:43.174,37.180,8,297.44,0,,6230424149652688131,A
BHP,20130205,12:07:43.235,37.180,124,4610.32,0,,6230424149652707342,A
BHP,20130205,13:49:08.474,37.180,403,14983.54,0,,6230424149653489128,A
BHP,20130205,13:52:17.175,37.180,281,10447.58,0,,6230424149653509543,A
BHP,20130205,13:54:52.896,37.180,60,2230.8,0,,6230424149653520357,A
BHP,20130205,13:55:25.461,37.180,2,74.36,0,,6230424149653530854,A
BHP,20130205,14:15:08.320,37.180,7005,260445.9,0,,6230424149653649254,A
BHP,20130205,14:15:11.598,37.180,360,13384.8,0,,6230424149653649539,A
BHP,20130205,14:16:34.534,37.180,176,6543.68,0,,6230424149653662276,A
BHP,20130205,14:23:30.027,37.180,5,185.9,0,,6230424149653715010,A
BHP,20130205,14:24:18.762,37.180,23,855.14,0,,6230424149653715802,A
BHP,20130205,14:24:54.901,37.180,2,74.36,0,,6230424149653715533,A
BHP,20130205,16:10:43.038,37.180,750,27885,0,,6230424149654518863,A
BHP,20130205,12:01:38.102,37.190,521,19375.99,0,,6230424149652667837,A
BHP,20130205,12:06:19.205,37.190,247,9185.93,0,,6230424149652673769,A
BHP,20130205,12:06:59.377,37.190,26,966.94,0,,6230424149652696250,A
BHP,20130205,12:07:27.222,37.190,105,3904.95,0,,6230424149652704729,A
BHP,20130205,12:07:29.583,37.190,5,185.95,0,,6230424149652705139,A
BHP,20130205,12:07:45.557,37.190,104,3867.76,0,,6230424149652706696,A
BHP,20130205,12:08:30.133,37.190,5,185.95,0,,6230424149652707751,A
BHP,20130205,13:44:32.252,37.190,528,19636.32,0,,6230424149653448748,A
BHP,20130205,13:46:00.560,37.190,3,111.57,0,,6230424149653460101,A
BHP,20130205,13:48:30.730,37.190,990,36818.1,0,,6230424149653484953,A
BHP,20130205,13:50:05.390,37.190,918,34140.42,0,,6230424149653484972,A
BHP,20130205,13:51:41.945,37.190,3,111.57,0,,6230424149653504323,A
BHP,20130205,13:52:13.732,37.190,5,185.95,0,,6230424149653508242,A
BHP,20130205,13:52:29.022,37.190,441,16400.79,0,,6230424149653508666,A
BHP,20130205,14:12:54.473,37.190,191,7103.29,0,,6230424149653639593,A
BHP,20130205,14:14:33.723,37.190,1491,55450.29,0,,6230424149653646599,A
BHP,20130205,14:15:08.495,37.190,39,1450.41,0,,6230424149653647247,A
BHP,20130205,14:15:38.524,37.190,644,23950.36,0,,6230424149653647334,A
BHP,20130205,14:16:33.426,37.190,1,37.19,0,,6230424149653661797,A
BHP,20130205,14:16:37.473,37.190,176,6545.44,0,,6230424149653661841,A
BHP,20130205,14:17:15.594,37.190,4,148.76,0,,6230424149653664763,A
BHP,20130205,14:19:16.668,37.190,114,4239.66,0,,6230424149653689285,A
BHP,20130205,14:19:26.955,37.190,7,260.33,0,,6230424149653690612,A
BHP,20130205,14:19:57.535,37.190,35,1301.65,0,,6230424149653695180,A
BHP,20130205,14:23:29.857,37.190,170,6322.3,0,,6230424149653695191,A
BHP,20130205,14:32:14.175,37.190,100,3719,0,,6230424149653774882,A
BHP,20130205,11:49:34.627,37.200,100,3720,0,,6230424149652567117,A
BHP,20130205,11:59:34.674,37.200,10000,372000,0,,6230424149652651226,A
BHP,20130205,12:01:44.913,37.200,12,446.4,0,,6230424149652666395,A
BHP,20130205,12:08:35.778,37.200,472,17558.4,0,,6230424149652671169,A
BHP,20130205,12:09:23.268,37.200,106,3943.2,0,,6230424149652722687,A
BHP,20130205,13:44:32.415,37.200,134,4984.8,0,,6230424149653448509,A
BHP,20130205,13:46:07.762,37.200,127,4724.4,0,,6230424149653455900,A
BHP,20130205,13:46:36.273,37.200,25,930,0,,6230424149653462870,A
BHP,20130205,13:50:21.124,37.200,113,4203.6,0,,6230424149653481654,A
BHP,20130205,13:55:43.811,37.200,620,23064,0,,6230424149653530000,A
BHP,20130205,14:10:55.859,37.200,6,223.2,0,,6230424149653626575,A
BHP,20130205,14:12:06.605,37.200,50,1860,0,,6230424149653634602,A
BHP,20130205,14:13:29.578,37.200,1,37.2,0,,6230424149653642579,A
BHP,20130205,14:16:00.161,37.200,12,446.4,0,,6230424149653646272,A
BHP,20130205,14:17:48.281,37.200,176,6547.2,0,,6230424149653661781,A
BHP,20130205,14:25:10.091,37.200,179,6658.8,0,,6230424149653686392,A
BHP,20130205,14:25:10.300,37.200,11,409.2,0,,6230424149653725596,A
BHP,20130205,14:30:47.333,37.200,526,19567.2,0,,6230424149653765888,A
BHP,20130205,14:31:01.891,37.200,31,1153.2,0,,6230424149653768275,A
BHP,20130205,14:32:14.068,37.200,5148,191505.6,0,,6230424149653774652,A
BHP,20130205,14:32:37.177,37.200,528,19641.6,0,,6230424149653774693,A
BHP,20130205,14:33:17.651,37.200,3,111.6,0,,6230424149653782627,A
BHP,20130205,14:55:28.209,37.200,200,7440,0,,6230424149653940009,A
BHP,20130205,14:56:11.161,37.200,617,22952.4,0,,6230424149653947755,A
BHP,20130205,11:58:30.731,37.205,3,111.615,0,,6230424149652642339,A
BHP,20130205,12:09:01.691,37.205,12,446.46,0,,6230424149652715193,A
BHP,20130205,11:49:08.940,37.210,130,4837.3,0,,6230424149652562734,A
BHP,20130205,11:49:21.998,37.210,116,4316.36,0,,6230424149652565494,A
BHP,20130205,11:50:27.855,37.210,163,6065.23,0,,6230424149652567140,A
BHP,20130205,11:50:59.420,37.210,108,4018.68,0,,6230424149652549058,A
BHP,20130205,11:53:48.932,37.210,247,9190.87,0,,6230424149652600156,A
BHP,20130205,11:57:10.205,37.210,1729,64336.09,0,,6230424149652629991,A
BHP,20130205,11:57:37.331,37.210,132,4911.72,0,,6230424149652633791,A
BHP,20130205,11:58:30.436,37.210,57,2120.97,0,,6230424149652637403,A
BHP,20130205,12:09:24.411,37.210,37,1376.77,0,,6230424149652722531,A
BHP,20130205,12:09:37.634,37.210,5,186.05,0,,6230424149652725295,A
BHP,20130205,12:11:33.133,37.210,17,632.57,0,,6230424149652740345,A
BHP,20130205,12:43:44.350,37.210,300,11163,0,,6230424149652990464,A
BHP,20130205,13:42:12.974,37.210,528,19646.88,0,,6230424149653436989,A
BHP,20130205,13:42:13.031,37.210,261,9711.81,0,,6230424149653437043,A
BHP,20130205,13:44:44.299,37.210,4,148.84,0,,6230424149653440709,A
BHP,20130205,13:57:21.518,37.210,322,11981.62,0,,6230424149653535301,A
BHP,20130205,13:57:54.342,37.210,42,1562.82,0,,6230424149653540036,A
BHP,20130205,14:07:40.096,37.210,200,7442,0,,6230424149653607968,A
BHP,20130205,14:11:15.173,37.210,70,2604.7,0,,6230424149653612803,A
BHP,20130205,14:11:31.920,37.210,198,7367.58,0,,6230424149653631905,A
BHP,20130205,14:14:12.834,37.210,100,3721,0,,6230424149653634398,A
BHP,20130205,14:17:48.345,37.210,383,14251.43,0,,6230424149653636335,A
BHP,20130205,14:25:23.609,37.210,1706,63480.26,0,,6230424149653725582,A
BHP,20130205,14:30:27.629,37.210,2019,75126.99,0,,6230424149653762259,A
BHP,20130205,14:31:04.092,37.210,890,33116.9,0,,6230424149653763251,A
BHP,20130205,14:33:22.097,37.210,4,148.84,0,,6230424149653765200,A
BHP,20130205,14:55:25.757,37.210,115,4279.15,0,,6230424149653939323,A
BHP,20130205,14:55:36.845,37.210,52,1934.92,0,,6230424149653931914,A
BHP,20130205,14:56:10.013,37.210,1,37.21,0,,6230424149653943046,A
BHP,20130205,14:56:10.344,37.210,41,1525.61,0,,6230424149653947525,A
BHP,20130205,14:56:11.881,37.210,4,148.84,0,,6230424149653947713,A
BHP,20130205,14:56:25.133,37.210,1576,58642.96,0,,6230424149653949241,A
BHP,20130205,15:59:19.887,37.210,52,1934.92,0,,6230424149654494780,A
BHP,20130205,15:59:53.002,37.210,1956,72782.76,0,,6230424149654503210,A
BHP,20130205,11:57:38.368,37.215,14,521.01,0,,6230424149652633618,A
BHP,20130205,14:25:27.116,37.215,40,1488.6,0,,6230424149653727939,A
BHP,20130205,11:47:52.113,37.220,6000,223320,0,,6230424149652553755,A
BHP,20130205,11:49:09.031,37.220,732,27245.04,0,,6230424149652559968,A
BHP,20130205,11:51:50.901,37.220,10,372.2,0,,6230424149652565094,A
BHP,20130205,11:52:10.131,37.220,1624,60445.28,0,,6230424149652586702,A
BHP,20130205,11:54:03.903,37.220,1,37.22,0,,6230424149652602147,A
BHP,20130205,11:57:10.048,37.220,200,7444,0,,6230424149652629753,A
BHP,20130205,12:10:12.803,37.220,69,2568.18,0,,6230424149652636912,A
BHP,20130205,12:11:44.938,37.220,1915,71276.3,0,,6230424149652247360,A
BHP,20130205,12:21:57.116,37.220,30,1116.6,0,,6230424149652810525,A
BHP,20130205,12:43:44.310,37.220,4505,167676.1,0,,6230424149652990243,A
BHP,20130205,12:44:03.791,37.220,43,1600.46,0,,6230424149652981097,A
BHP,20130205,12:45:00.541,37.220,750,27915,0,,6230424149653004602,A
BHP,20130205,12:46:52.103,37.220,6,223.32,0,,6230424149653025508,A
BHP,20130205,12:47:02.705,37.220,697,25942.34,0,,6230424149653027880,A
BHP,20130205,12:48:38.166,37.220,364,13548.08,0,,6230424149653041937,A
BHP,20130205,13:38:47.867,37.220,107,3982.54,0,,6230424149653421091,A
BHP,20130205,13:42:12.921,37.220,412,15334.64,0,,6230424149653436867,A
BHP,20130205,13:42:46.419,37.220,546,20322.12,0,,6230424149653419679,A
BHP,20130205,13:44:17.487,37.220,6,223.32,0,,6230424149653413454,A
BHP,20130205,14:04:17.611,37.220,540,20098.8,0,,6230424149653576602,A
BHP,20130205,14:04:17.694,37.220,5,186.1,0,,6230424149653587184,A
BHP,20130205,14:07:31.789,37.220,1532,57021.04,0,,6230424149653606338,A
BHP,20130205,14:07:33.513,37.220,419,15595.18,0,,6230424149653590602,A
BHP,20130205,14:11:15.247,37.220,1323,49242.06,0,,6230424149653606441,A
BHP,20130205,14:26:06.892,37.220,397,14776.34,0,,6230424149653725568,A
BHP,20130205,14:27:10.690,37.220,55,2047.1,0,,6230424149653741492,A
BHP,20130205,14:30:11.378,37.220,231,8597.82,0,,6230424149653759520,A
BHP,20130205,14:54:38.242,37.220,33,1228.26,0,,6230424149653932315,A
BHP,20130205,14:54:59.359,37.220,95,3535.9,0,,6230424149653936207,A
BHP,20130205,15:58:20.761,37.220,2094,77938.68,0,,6230424149654481169,A
BHP,20130205,15:59:03.441,37.220,7,260.54,0,,6230424149654490315,A
BHP,20130205,15:59:17.860,37.220,1271,47306.62,0,,6230424149654494086,A
BHP,20130205,15:59:20.932,37.220,1324,49279.28,0,,6230424149654494089,A
BHP,20130205,15:59:31.668,37.220,26,967.72,0,,6230424149654492742,A
BHP,20130205,15:59:36.761,37.220,340,12654.8,0,,6230424149654495660,A
BHP,20130205,15:59:47.667,37.220,1,37.22,0,,6230424149654501458,A
BHP,20130205,15:59:55.211,37.220,3,111.66,0,,6230424149654502488,A
BHP,20130205,15:59:57.963,37.220,64,2382.08,0,,6230424149654502488,A
BHP,20130205,12:14:14.560,37.225,76,2829.1,0,,6230424149652761670,A
BHP,20130205,11:45:26.002,37.230,2922,108786.06,0,,6230424149652530146,A
BHP,20130205,11:47:33.040,37.230,1200,44676,0,,6230424149652550806,A
BHP,20130205,11:48:25.075,37.230,1,37.23,0,,6230424149652535815,A
BHP,20130205,11:52:10.180,37.230,364,13551.72,0,,6230424149652521282,A
BHP,20130205,11:54:45.164,37.230,1000,37230,0,,6230424149652589487,A
BHP,20130205,11:55:56.387,37.230,2,74.46,0,,6230424149652619261,A
BHP,20130205,11:56:12.044,37.230,241,8972.43,0,,6230424149652622016,A
BHP,20130205,12:11:45.920,37.230,247,9195.81,0,,6230424149652729933,A
BHP,20130205,12:12:10.178,37.230,198,7371.54,0,,6230424149652747195,A
BHP,20130205,12:13:44.024,37.230,64,2382.72,0,,6230424149652758658,A
BHP,20130205,12:16:47.787,37.230,96,3574.08,0,,6230424149652487243,A
BHP,20130205,12:17:18.851,37.230,190,7073.7,0,,6230424149652778677,A
BHP,20130205,12:17:55.315,37.230,121,4504.83,0,,6230424149652782142,A
BHP,20130205,12:19:50.029,37.230,119,4430.37,0,,6230424149652794756,A
BHP,20130205,12:20:02.069,37.230,12,446.76,0,,6230424149652794874,A
BHP,20130205,12:22:15.902,37.230,1826,67981.98,0,,6230424149652807875,A
BHP,20130205,12:41:22.888,37.230,116,4318.68,0,,6230424149652920258,A
BHP,20130205,12:43:30.549,37.230,2765,102940.95,0,,6230424149652987066,A
BHP,20130205,12:44:09.647,37.230,57,2122.11,0,,6230424149652991291,A
BHP,20130205,12:45:07.983,37.230,134,4988.82,0,,6230424149653007582,A
BHP,20130205,12:46:32.269,37.230,69,2568.87,0,,6230424149653022189,A
BHP,20130205,12:47:30.681,37.230,149,5547.27,0,,6230424149653028413,A
BHP,20130205,13:32:19.426,37.230,289,10759.47,0,,6230424149653380444,A
BHP,20130205,13:35:52.195,37.230,1,37.23,0,,6230424149653402413,A
BHP,20130205,13:38:43.188,37.230,32,1191.36,0,,6230424149653419697,A
BHP,20130205,13:39:03.946,37.230,17,632.91,0,,6230424149653421421,A
BHP,20130205,13:41:45.522,37.230,272,10126.56,0,,6230424149653435311,A
BHP,20130205,13:42:06.671,37.230,238,8860.74,0,,6230424149653436206,A
BHP,20130205,13:58:15.178,37.230,528,19657.44,0,,6230424149653437964,A
BHP,20130205,13:59:58.369,37.230,1210,45048.3,0,,6230424149653564334,A
BHP,20130205,14:04:23.803,37.230,74,2755.02,0,,6230424149653567580,A
BHP,20130205,14:26:36.714,37.230,7,260.61,0,,6230424149653728059,A
BHP,20130205,14:28:00.623,37.230,200,7446,0,,6230424149653747285,A
BHP,20130205,14:29:17.819,37.230,7,260.61,0,,6230424149653753961,A
BHP,20130205,14:30:02.659,37.230,5673,211205.79,0,,6230424149653757464,A
BHP,20130205,14:30:03.184,37.230,929,34586.67,0,,6230424149653757488,A
BHP,20130205,14:34:26.361,37.230,102,3797.46,0,,6230424149653759267,A
BHP,20130205,14:50:55.068,37.230,565,21034.95,0,,6230424149653904165,A
BHP,20130205,14:54:38.025,37.230,404,15040.92,0,,6230424149653931995,A
BHP,20130205,14:56:36.139,37.230,404,15040.92,0,,6230424149653942596,A
BHP,20130205,14:57:00.096,37.230,63,2345.49,0,,6230424149653942596,A
BHP,20130205,14:59:56.963,37.230,360,13402.8,0,,6230424149653967414,A
BHP,20130205,15:39:53.521,37.230,983,36597.09,0,,6230424149654291248,A
BHP,20130205,15:55:59.795,37.230,409,15227.07,0,,6230424149654459135,A
BHP,20130205,15:56:01.917,37.230,144,5361.12,0,,6230424149654459650,A
BHP,20130205,15:58:03.364,37.230,1,37.23,0,,6230424149654469140,A
BHP,20130205,15:58:28.205,37.230,229,8525.67,0,,6230424149654481090,A
BHP,20130205,15:58:58.223,37.230,228,8488.44,0,,6230424149654484731,A
BHP,20130205,15:59:03.457,37.230,85,3164.55,0,,6230424149654484795,A
BHP,20130205,15:59:07.965,37.230,1,37.23,0,,6230424149654485094,A
BHP,20130205,15:59:37.497,37.230,34,1265.82,0,,6230424149654498391,A
BHP,20130205,15:59:45.394,37.230,1,37.23,0,,6230424149654500115,A
BHP,20130205,15:59:47.728,37.230,587,21854.01,0,,6230424149654501484,A
BHP,20130205,13:58:52.480,37.235,4,148.94,0,,6230424149653557474,A
BHP,20130205,14:04:53.966,37.235,104,3872.44,0,,6230424149653588274,A
BHP,20130205,15:07:36.764,37.235,9,335.115,0,,6230424149654021268,A
BHP,20130205,15:56:31.118,37.235,2,74.47,0,,6230424149654463802,A
BHP,20130205,11:45:11.212,37.240,72,2681.28,0,,6230424149652526738,A
BHP,20130205,11:45:11.597,37.240,456,16981.44,0,,6230424149652526939,A
BHP,20130205,11:45:12.056,37.240,2,74.48,0,,6230424149652526507,A
BHP,20130205,11:45:12.405,37.240,663,24690.12,0,,6230424149652526381,A
BHP,20130205,11:45:13.858,37.240,166,6181.84,0,,6230424149652527770,A
BHP,20130205,11:45:27.253,37.240,200,7448,0,,6230424149652530477,A
BHP,20130205,11:45:46.342,37.240,528,19662.72,0,,6230424149652533638,A
BHP,20130205,11:46:13.227,37.240,337,12549.88,0,,6230424149652535504,A
BHP,20130205,11:54:59.689,37.240,528,19662.72,0,,6230424149652552539,A
BHP,20130205,11:56:19.566,37.240,5,186.2,0,,6230424149652589450,A
BHP,20130205,12:11:45.925,37.240,16,595.84,0,,6230424149652626269,A
BHP,20130205,12:11:56.741,37.240,178,6628.72,0,,6230424149652730434,A
BHP,20130205,12:12:10.803,37.240,528,19662.72,0,,6230424149652747255,A
BHP,20130205,12:13:38.565,37.240,3200,119168,0,,6230424149652757603,A
BHP,20130205,12:14:16.926,37.240,4,148.96,0,,6230424149652754309,A
BHP,20130205,12:14:17.073,37.240,41,1526.84,0,,6230424149652762324,A
BHP,20130205,12:14:38.422,37.240,130,4841.2,0,,6230424149652764469,A
BHP,20130205,12:14:44.619,37.240,528,19662.72,0,,6230424149652764651,A
BHP,20130205,12:15:14.287,37.240,216,8043.84,0,,6230424149652767366,A
BHP,20130205,12:22:15.925,37.240,3,111.72,0,,6230424149652777879,A
BHP,20130205,12:40:21.081,37.240,166,6181.84,0,,6230424149652951607,A
BHP,20130205,12:41:51.333,37.240,494,18396.56,0,,6230424149652961528,A
BHP,20130205,12:43:07.636,37.240,1465,54556.6,0,,6230424149652982770,A
BHP,20130205,12:45:07.414,37.240,5,186.2,0,,6230424149652982903,A
BHP,20130205,12:45:08.863,37.240,50,1862,0,,6230424149653008234,A
BHP,20130205,12:45:26.807,37.240,180,6703.2,0,,6230424149653011815,A
BHP,20130205,12:48:45.546,37.240,851,31691.24,0,,6230424149653028414,A
BHP,20130205,12:48:58.992,37.240,1120,41708.8,0,,6230424149653052935,A
BHP,20130205,13:32:10.174,37.240,1189,44278.36,0,,6230424149653377521,A
BHP,20130205,13:32:27.650,37.240,6,223.44,0,,6230424149653378311,A
BHP,20130205,13:32:40.303,37.240,22,819.28,0,,6230424149653381732,A
BHP,20130205,13:32:51.190,37.240,182,6777.68,0,,6230424149653383380,A
BHP,20130205,13:32:59.160,37.240,7,260.68,0,,6230424149653383431,A
BHP,20130205,13:34:01.074,37.240,149,5548.76,0,,6230424149653389097,A
BHP,20130205,13:35:26.353,37.240,693,25807.32,0,,6230424149653398941,A
BHP,20130205,13:36:02.205,37.240,144,5362.56,0,,6230424149653400172,A
BHP,20130205,13:37:32.236,37.240,4,148.96,0,,6230424149653407604,A
BHP,20130205,13:37:36.790,37.240,51,1899.24,0,,6230424149653413252,A
BHP,20130205,13:37:36.872,37.240,158,5883.92,0,,6230424149653413185,A
BHP,20130205,13:39:23.405,37.240,348,12959.52,0,,6230424149653419610,A
BHP,20130205,13:59:52.901,37.240,100,3724,0,,6230424149653563589,A
BHP,20130205,14:26:36.714,37.240,181,6740.44,0,,6230424149653564197,A
BHP,20130205,14:30:06.008,37.240,136,5064.64,0,,6230424149653754759,A
BHP,20130205,14:36:15.379,37.240,1,37.24,0,,6230424149653806217,A
BHP,20130205,14:37:52.904,37.240,18,670.32,0,,6230424149653821609,A
BHP,20130205,14:46:00.557,37.240,287,10687.88,0,,6230424149653870714,A
BHP,20130205,14:46:14.076,37.240,151,5623.24,0,,6230424149653872243,A
BHP,20130205,14:46:48.454,37.240,109,4059.16,0,,6230424149653875616,A
BHP,20130205,14:50:12.585,37.240,269,10017.56,0,,6230424149653898122,A
BHP,20130205,14:51:14.082,37.240,961,35787.64,0,,6230424149653901002,A
BHP,20130205,14:51:14.083,37.240,26,968.24,0,,6230424149653906299,A
BHP,20130205,14:51:14.643,37.240,37,1377.88,0,,6230424149653907027,A
BHP,20130205,14:51:29.099,37.240,528,19662.72,0,,6230424149653907393,A
BHP,20130205,14:52:10.923,37.240,659,24541.16,0,,6230424149653916011,A
BHP,20130205,14:53:30.005,37.240,270,10054.8,0,,6230424149653924629,A
BHP,20130205,14:54:37.961,37.240,11033,410868.92,0,,6230424149653931870,A
BHP,20130205,14:57:02.260,37.240,3,111.72,0,,6230424149653935316,A
BHP,20130205,14:57:09.285,37.240,162,6032.88,0,,6230424149653939328,A
BHP,20130205,15:00:18.568,37.240,400,14896,0,,6230424149653964188,A
BHP,20130205,15:00:41.220,37.240,72,2681.28,0,,6230424149653968698,A
BHP,20130205,15:04:09.567,37.240,1012,37686.88,0,,6230424149654000268,A
BHP,20130205,15:04:09.655,37.240,53,1973.72,0,,6230424149654000457,A
BHP,20130205,15:05:56.313,37.240,5,186.2,0,,6230424149654012700,A
BHP,20130205,15:38:09.315,37.240,3,111.72,0,,6230424149654273917,A
BHP,20130205,15:39:53.375,37.240,197,7336.28,0,,6230424149654291073,A
BHP,20130205,15:39:53.640,37.240,180,6703.2,0,,6230424149654290253,A
BHP,20130205,15:55:47.666,37.240,79,2941.96,0,,6230424149654456584,A
BHP,20130205,15:56:02.513,37.240,161,5995.64,0,,6230424149654457178,A
BHP,20130205,15:56:04.439,37.240,11,409.64,0,,6230424149654460046,A
BHP,20130205,15:56:05.069,37.240,1,37.24,0,,6230424149654432068,A
BHP,20130205,15:56:20.235,37.240,1086,40442.64,0,,6230424149654457388,A
BHP,20130205,15:56:20.683,37.240,160,5958.4,0,,6230424149654462507,A
BHP,20130205,15:56:33.762,37.240,507,18880.68,0,,6230424149654462581,A
BHP,20130205,15:57:39.387,37.240,1,37.24,0,,6230424149654474586,A
BHP,20130205,15:58:07.995,37.240,1,37.24,0,,6230424149654477216,A
BHP,20130205,12:12:50.907,37.245,3,111.735,0,,6230424149652749732,A
BHP,20130205,15:10:43.901,37.245,5,186.225,0,,6230424149654039517,A
BHP,20130205,15:39:51.886,37.245,10,372.45,0,,6230424149654290446,A
BHP,20130205,15:41:21.897,37.245,4,148.98,0,,6230424149654304024,A
BHP,20130205,11:20:53.466,37.250,3000,111750,0,,6230424149652371239,A
BHP,20130205,11:21:32.398,37.250,2000,74500,0,,6230424149652375048,A
BHP,20130205,11:28:59.854,37.250,3042,113314.5,0,,6230424149652416993,A
BHP,20130205,11:42:06.983,37.250,100,3725,0,,6230424149652510497,A
BHP,20130205,11:44:34.789,37.250,119,4432.75,0,,6230424149652523240,A
BHP,20130205,11:45:39.480,37.250,170,6332.5,0,,6230424149652526623,A
BHP,20130205,11:45:46.424,37.250,39,1452.75,0,,6230424149652533578,A
BHP,20130205,11:45:50.805,37.250,528,19668,0,,6230424149652533689,A
BHP,20130205,11:45:52.934,37.250,1,37.25,0,,6230424149652535497,A
BHP,20130205,11:46:13.407,37.250,4,149,0,,6230424149652535510,A
BHP,20130205,12:22:38.689,37.250,208,7748,0,,6230424149652815746,A
BHP,20130205,12:24:20.193,37.250,63,2346.75,0,,6230424149652823894,A
BHP,20130205,12:35:48.178,37.250,160,5960,0,,6230424149652912901,A
BHP,20130205,12:36:53.585,37.250,528,19668,0,,6230424149652922575,A
BHP,20130205,12:38:32.783,37.250,295,10988.75,0,,6230424149652938074,A
BHP,20130205,12:39:49.004,37.250,1000,37250,0,,6230424149652946744,A
BHP,20130205,12:41:59.418,37.250,1224,45594,0,,6230424149652946803,A
BHP,20130205,12:42:27.112,37.250,64,2384,0,,6230424149652976916,A
BHP,20130205,12:45:07.982,37.250,1305,48611.25,0,,6230424149653007579,A
BHP,20130205,12:49:21.252,37.250,25,931.25,0,,6230424149653054781,A
BHP,20130205,12:53:39.143,37.250,136,5066,0,,6230424149653095694,A
BHP,20130205,12:55:57.653,37.250,518,19295.5,0,,6230424149653115555,A
BHP,20130205,13:37:36.700,37.250,167,6220.75,0,,6230424149653377219,A
BHP,20130205,13:59:13.307,37.250,8,298,0,,6230424149653413343,A
BHP,20130205,14:36:00.649,37.250,4702,175149.5,0,,6230424149653646462,A
BHP,20130205,14:36:29.308,37.250,300,11175,0,,6230424149653751657,A
BHP,20130205,14:36:37.635,37.250,90,3352.5,0,,6230424149653794330,A
BHP,20130205,14:37:57.930,37.250,989,36840.25,0,,6230424149653822024,A
BHP,20130205,14:39:37.011,37.250,328,12218,0,,6230424149653830757,A
BHP,20130205,14:39:42.363,37.250,306,11398.5,0,,6230424149653831014,A
BHP,20130205,14:39:49.215,37.250,58,2160.5,0,,6230424149653831599,A
BHP,20130205,14:44:26.586,37.250,92,3427,0,,6230424149653858590,A
BHP,20130205,14:46:49.430,37.250,769,28645.25,0,,6230424149653871600,A
BHP,20130205,14:49:21.788,37.250,107,3985.75,0,,6230424149653891850,A
BHP,20130205,14:49:57.847,37.250,104,3874,0,,6230424149653895155,A
BHP,20130205,14:50:12.440,37.250,1020,37995,0,,6230424149653897766,A
BHP,20130205,14:51:58.343,37.250,165,6146.25,0,,6230424149653897798,A
BHP,20130205,14:54:12.531,37.250,533,19854.25,0,,6230424149653914931,A
BHP,20130205,14:54:20.914,37.250,1,37.25,0,,6230424149653914650,A
BHP,20130205,14:57:18.954,37.250,272,10132,0,,6230424149653920157,A
BHP,20130205,15:04:09.567,37.250,40,1490,0,,6230424149654000268,A
BHP,20130205,15:04:18.403,37.250,180,6705,0,,6230424149654000420,A
BHP,20130205,15:05:02.490,37.250,18,670.5,0,,6230424149654001350,A
BHP,20130205,15:07:55.292,37.250,5,186.25,0,,6230424149654001457,A
BHP,20130205,15:07:59.110,37.250,6,223.5,0,,6230424149654001591,A
BHP,20130205,15:37:29.178,37.250,430,16017.5,0,,6230424149654266672,A
BHP,20130205,15:38:14.936,37.250,3570,132982.5,0,,6230424149654256914,A
BHP,20130205,15:39:33.535,37.250,1358,50585.5,0,,6230424149654287387,A
BHP,20130205,15:40:08.669,37.250,28,1043,0,,6230424149654290216,A
BHP,20130205,15:40:18.128,37.250,221,8232.25,0,,6230424149654288775,A
BHP,20130205,15:49:16.786,37.250,331,12329.75,0,,6230424149654370226,A
BHP,20130205,15:49:33.526,37.250,3,111.75,0,,6230424149654374470,A
BHP,20130205,15:50:56.069,37.250,699,26037.75,0,,6230424149654395043,A
BHP,20130205,15:55:47.834,37.250,159,5922.75,0,,6230424149654456452,A
BHP,20130205,15:57:01.942,37.250,130,4842.5,0,,6230424149654456535,A
BHP,20130205,15:57:38.057,37.250,6,223.5,0,,6230424149654456631,A
BHP,20130205,15:57:51.083,37.250,279,10392.75,0,,6230424149654433455,A
BHP,20130205,11:44:32.104,37.255,5,186.275,0,,6230424149652522783,A
BHP,20130205,15:12:19.509,37.255,10,372.55,0,,6230424149654058438,A
BHP,20130205,15:38:15.624,37.255,29,1080.395,0,,6230424149654254680,A
BHP,20130205,15:48:53.443,37.255,126,4694.13,0,,6230424149654364406,A
BHP,20130205,15:49:28.968,37.255,316,11772.58,0,,6230424149654373327,A
BHP,20130205,11:18:19.502,37.260,1000,37260,0,,6230424149652355385,A
BHP,20130205,11:20:17.736,37.260,7,260.82,0,,6230424149652368117,A
BHP,20130205,11:21:03.285,37.260,40,1490.4,0,,6230424149652371240,A
BHP,20130205,11:21:13.690,37.260,528,19673.28,0,,6230424149652371309,A
BHP,20130205,11:21:53.855,37.260,33,1229.58,0,,6230424149652376388,A
BHP,20130205,11:22:42.664,37.260,36,1341.36,0,,6230424149652381258,A
BHP,20130205,11:28:42.784,37.260,556,20716.56,0,,6230424149652415892,A
BHP,20130205,11:28:52.682,37.260,3,111.78,0,,6230424149652416396,A
BHP,20130205,11:29:00.007,37.260,1211,45121.86,0,,6230424149652416914,A
BHP,20130205,11:30:05.398,37.260,378,14084.28,0,,6230424149652423099,A
BHP,20130205,11:32:30.097,37.260,39,1453.14,0,,6230424149652440713,A
BHP,20130205,11:33:05.292,37.260,10,372.6,0,,6230424149652444381,A
BHP,20130205,11:33:56.917,37.260,121,4508.46,0,,6230424149652447011,A
BHP,20130205,11:36:38.199,37.260,585,21797.1,0,,6230424149652473326,A
BHP,20130205,11:39:51.836,37.260,300,11178,0,,6230424149652492171,A
BHP,20130205,11:41:48.275,37.260,41,1527.66,0,,6230424149652507671,A
BHP,20130205,11:42:27.840,37.260,56,2086.56,0,,6230424149652507775,A
BHP,20130205,11:43:10.439,37.260,65,2421.9,0,,6230424149652516489,A
BHP,20130205,11:43:41.285,37.260,250,9315,0,,6230424149652519017,A
BHP,20130205,11:44:13.411,37.260,6,223.56,0,,6230424149652521261,A
BHP,20130205,11:44:34.989,37.260,422,15723.72,0,,6230424149652503112,A
BHP,20130205,11:45:44.378,37.260,2,74.52,0,,6230424149652524169,A
BHP,20130205,12:23:19.040,37.260,2,74.52,0,,6230424149652814404,A
BHP,20130205,12:25:30.954,37.260,126,4694.76,0,,6230424149652815797,A
BHP,20130205,12:30:14.832,37.260,186,6930.36,0,,6230424149652854981,A
BHP,20130205,12:35:22.783,37.260,11,409.86,0,,6230424149652907994,A
BHP,20130205,12:35:48.164,37.260,2000,74520,0,,6230424149652912939,A
BHP,20130205,12:36:07.946,37.260,1000,37260,0,,6230424149652912939,A
BHP,20130205,12:36:20.512,37.260,250,9315,0,,6230424149652917654,A
BHP,20130205,12:37:03.180,37.260,39,1453.14,0,,6230424149652923688,A
BHP,20130205,12:38:17.678,37.260,5,186.3,0,,6230424149652928368,A
BHP,20130205,12:38:36.803,37.260,2692,100303.92,0,,6230424149652928368,A
BHP,20130205,12:49:21.266,37.260,11,409.86,0,,6230424149653007594,A
BHP,20130205,12:51:24.550,37.260,73,2719.98,0,,6230424149653080831,A
BHP,20130205,12:51:29.802,37.260,96,3576.96,0,,6230424149653082554,A
BHP,20130205,12:52:27.926,37.260,34,1266.84,0,,6230424149653082554,A
BHP,20130205,12:54:40.460,37.260,80,2980.8,0,,6230424149653101903,A
BHP,20130205,12:55:04.097,37.260,1234,45978.84,0,,6230424149653082667,A
BHP,20130205,12:55:59.046,37.260,28,1043.28,0,,6230424149653115681,A
BHP,20130205,12:56:56.055,37.260,697,25970.22,0,,6230424149653120023,A
BHP,20130205,12:58:21.310,37.260,104,3875.04,0,,6230424149653140128,A
BHP,20130205,13:00:17.429,37.260,19,707.94,0,,6230424149653152199,A
BHP,20130205,13:29:44.649,37.260,3,111.78,0,,6230424149653361772,A
BHP,20130205,14:36:43.135,37.260,1654,61628.04,0,,6230424149653789843,A
BHP,20130205,14:37:20.940,37.260,528,19673.28,0,,6230424149653812561,A
BHP,20130205,14:38:02.035,37.260,192,7153.92,0,,6230424149653818026,A
BHP,20130205,14:39:22.078,37.260,1,37.26,0,,6230424149653810744,A
BHP,20130205,14:39:51.672,37.260,2,74.52,0,,6230424149653830400,A
BHP,20130205,14:40:11.546,37.260,2,74.52,0,,6230424149653832010,A
BHP,20130205,14:43:21.528,37.260,283,10544.58,0,,6230424149653852893,A
BHP,20130205,14:44:14.033,37.260,1024,38154.24,0,,6230424149653856980,A
BHP,20130205,14:44:25.526,37.260,24,894.24,0,,6230424149653858368,A
BHP,20130205,14:44:49.916,37.260,88,3278.88,0,,6230424149653858603,A
BHP,20130205,14:47:37.673,37.260,4,149.04,0,,6230424149653861380,A
BHP,20130205,14:49:22.137,37.260,323,12034.98,0,,6230424149653891863,A
BHP,20130205,14:49:58.267,37.260,180,6706.8,0,,6230424149653891871,A
BHP,20130205,14:50:00.538,37.260,340,12668.4,0,,6230424149653895726,A
BHP,20130205,15:02:54.447,37.260,31,1155.06,0,,6230424149653895727,A
BHP,20130205,15:11:41.649,37.260,1,37.26,0,,6230424149654053226,A
BHP,20130205,15:35:45.192,37.260,1259,46910.34,0,,6230424149654252055,A
BHP,20130205,15:36:13.104,37.260,500,18630,0,,6230424149654256922,A
BHP,20130205,15:40:46.720,37.260,11000,409860,0,,6230424149654300041,A
BHP,20130205,15:41:00.848,37.260,1,37.26,0,,6230424149654280256,A
BHP,20130205,15:41:12.357,37.260,172,6408.72,0,,6230424149654287741,A
BHP,20130205,15:42:43.708,37.260,88,3278.88,0,,6230424149654287741,A
BHP,20130205,15:42:44.089,37.260,484,18033.84,0,,6230424149654313779,A
BHP,20130205,15:42:45.631,37.260,400,14904,0,,6230424149654314105,A
BHP,20130205,15:43:45.073,37.260,2519,93857.94,0,,6230424149654322309,A
BHP,20130205,15:44:20.091,37.260,6000,223560,0,,6230424149654327540,A
BHP,20130205,15:47:18.688,37.260,1,37.26,0,,6230424149654349991,A
BHP,20130205,15:48:38.322,37.260,848,31596.48,0,,6230424149654360820,A
BHP,20130205,15:49:06.281,37.260,2,74.52,0,,6230424149654365689,A
BHP,20130205,15:50:57.371,37.260,2,74.52,0,,6230424149654394701,A
BHP,20130205,15:52:01.471,37.260,2,74.52,0,,6230424149654407240,A
BHP,20130205,15:53:29.685,37.260,141,5253.66,0,,6230424149654429019,A
BHP,20130205,15:54:36.772,37.260,859,32006.34,0,,6230424149654443477,A
BHP,20130205,15:55:25.797,37.260,814,30329.64,0,,6230424149654451615,A
BHP,20130205,15:55:33.105,37.260,847,31559.22,0,,6230424149654453145,A
BHP,20130205,15:13:06.614,37.265,51,1900.515,0,,6230424149654062019,A
BHP,20130205,15:14:07.250,37.265,47,1751.455,0,,6230424149654069889,A
BHP,20130205,15:37:15.600,37.265,536,19974.04,0,,6230424149654263746,A
BHP,20130205,15:43:05.981,37.265,5,186.325,0,,6230424149654316785,A
BHP,20130205,15:44:38.317,37.265,777,28954.905,0,,6230424149654329934,A
BHP,20130205,15:44:42.237,37.265,6,223.59,0,,6230424149654330770,A
BHP,20130205,15:54:52.986,37.265,9,335.385,0,,6230424149654446527,A
BHP,20130205,11:11:34.267,37.270,73,2720.71,0,,6230424149652313350,A
BHP,20130205,11:11:51.603,37.270,23,857.21,0,,6230424149652315620,A
BHP,20130205,11:18:15.016,37.270,124,4621.48,0,,6230424149652354450,A
BHP,20130205,11:18:50.601,37.270,13,484.51,0,,6230424149652355328,A
BHP,20130205,11:20:21.414,37.270,60,2236.2,0,,6230424149652365228,A
BHP,20130205,11:22:23.779,37.270,5,186.35,0,,6230424149652365229,A
BHP,20130205,11:22:36.716,37.270,13,484.51,0,,6230424149652366237,A
BHP,20130205,11:22:37.073,37.270,172,6410.44,0,,6230424149652380403,A
BHP,20130205,11:22:56.954,37.270,1765,65781.55,0,,6230424149652380965,A
BHP,20130205,11:24:11.244,37.270,200,7454,0,,6230424149652381166,A
BHP,20130205,11:25:50.178,37.270,150,5590.5,0,,6230424149652399667,A
BHP,20130205,11:26:23.805,37.270,127,4733.29,0,,6230424149652400803,A
BHP,20130205,11:30:22.977,37.270,125,4658.75,0,,6230424149652407358,A
BHP,20130205,11:33:56.934,37.270,528,19678.56,0,,6230424149652439227,A
BHP,20130205,11:35:05.740,37.270,36,1341.72,0,,6230424149652460096,A
BHP,20130205,11:36:05.275,37.270,2200,81994,0,,6230424149652469354,A
BHP,20130205,11:36:49.435,37.270,1,37.27,0,,6230424149652470303,A
BHP,20130205,11:38:36.985,37.270,37,1378.99,0,,6230424149652487573,A
BHP,20130205,11:39:51.158,37.270,335,12485.45,0,,6230424149652491861,A
BHP,20130205,11:40:11.123,37.270,49,1826.23,0,,6230424149652491861,A
BHP,20130205,11:41:17.505,37.270,200,7454,0,,6230424149652503228,A
BHP,20130205,11:41:32.232,37.270,126,4696.02,0,,6230424149652504237,A
BHP,20130205,11:43:49.132,37.270,196,7304.92,0,,6230424149652507534,A
BHP,20130205,12:25:31.037,37.270,2,74.54,0,,6230424149652723959,A
BHP,20130205,12:26:43.827,37.270,271,10100.17,0,,6230424149652836832,A
BHP,20130205,12:30:10.266,37.270,106,3950.62,0,,6230424149652854347,A
BHP,20130205,12:30:14.831,37.270,890,33170.3,0,,6230424149652854974,A
BHP,20130205,12:30:14.920,37.270,180,6708.6,0,,6230424149652848299,A
BHP,20130205,12:30:15.281,37.270,360,13417.2,0,,6230424149652855479,A
BHP,20130205,12:30:21.421,37.270,1211,45133.97,0,,6230424149652857477,A
BHP,20130205,12:30:52.957,37.270,316,11777.32,0,,6230424149652861007,A
BHP,20130205,12:31:32.101,37.270,42,1565.34,0,,6230424149652869001,A
BHP,20130205,12:33:07.165,37.270,85,3167.95,0,,6230424149652884454,A
BHP,20130205,12:33:44.012,37.270,1,37.27,0,,6230424149652892658,A
BHP,20130205,12:33:49.016,37.270,70,2608.9,0,,6230424149652893714,A
BHP,20130205,12:35:41.029,37.270,1,37.27,0,,6230424149652907742,A
BHP,20130205,12:36:44.883,37.270,150,5590.5,0,,6230424149652908247,A
BHP,20130205,12:49:53.189,37.270,187,6969.49,0,,6230424149652920356,A
BHP,20130205,12:51:20.956,37.270,118,4397.86,0,,6230424149653079720,A
BHP,20130205,12:55:19.818,37.270,103,3838.81,0,,6230424149653082743,A
BHP,20130205,12:55:22.506,37.270,329,12261.83,0,,6230424149653109707,A
BHP,20130205,12:55:22.773,37.270,101,3764.27,0,,6230424149653109754,A
BHP,20130205,12:58:26.360,37.270,91,3391.57,0,,6230424149653135342,A
BHP,20130205,12:59:07.708,37.270,180,6708.6,0,,6230424149653143439,A
BHP,20130205,13:00:20.048,37.270,372,13864.44,0,,6230424149653151425,A
BHP,20130205,13:00:23.972,37.270,593,22101.11,0,,6230424149653151425,A
BHP,20130205,13:15:58.849,37.270,1,37.27,0,,6230424149653284004,A
BHP,20130205,13:29:05.395,37.270,2181,81285.87,0,,6230424149653355593,A
BHP,20130205,13:29:49.690,37.270,528,19678.56,0,,6230424149653358670,A
BHP,20130205,14:41:33.895,37.270,23,857.21,0,,6230424149653825840,A
BHP,20130205,14:42:35.816,37.270,93,3466.11,0,,6230424149653847702,A
BHP,20130205,14:43:27.144,37.270,414,15429.78,0,,6230424149653836805,A
BHP,20130205,14:49:58.267,37.270,93,3466.11,0,,6230424149653840524,A
BHP,20130205,15:18:49.205,37.270,3200,119264,0,,6230424149654107146,A
BHP,20130205,15:25:02.506,37.270,1,37.27,0,,6230424149654162230,A
BHP,20130205,15:38:47.992,37.270,1059,39468.93,0,,6230424149654239932,A
BHP,20130205,15:42:54.590,37.270,112,4174.24,0,,6230424149654279204,A
BHP,20130205,15:43:04.156,37.270,714,26610.78,0,,6230424149654279204,A
BHP,20130205,15:43:45.285,37.270,21,782.67,0,,6230424149654321834,A
BHP,20130205,15:45:13.273,37.270,1587,59147.49,0,,6230424149654326966,A
BHP,20130205,15:45:25.951,37.270,53,1975.31,0,,6230424149654337420,A
BHP,20130205,15:45:46.307,37.270,238,8870.26,0,,6230424149654340421,A
BHP,20130205,15:45:58.403,37.270,722,26908.94,0,,6230424149654341262,A
BHP,20130205,15:46:02.368,37.270,847,31567.69,0,,6230424149654341866,A
BHP,20130205,15:46:08.783,37.270,2,74.54,0,,6230424149654342308,A
BHP,20130205,15:47:06.243,37.270,43,1602.61,0,,6230424149654348155,A
BHP,20130205,15:48:02.592,37.270,167,6224.09,0,,6230424149654355474,A
BHP,20130205,15:48:05.633,37.270,661,24635.47,0,,6230424149654356114,A
BHP,20130205,15:48:42.832,37.270,210,7826.7,0,,6230424149654358987,A
BHP,20130205,15:49:33.733,37.270,7,260.89,0,,6230424149654363524,A
BHP,20130205,15:50:12.329,37.270,78,2907.06,0,,6230424149654383340,A
BHP,20130205,15:50:20.305,37.270,22,819.94,0,,6230424149654383942,A
BHP,20130205,15:51:08.314,37.270,1,37.27,0,,6230424149654338238,A
BHP,20130205,15:51:24.873,37.270,200,7454,0,,6230424149654397660,A
BHP,20130205,15:53:30.307,37.270,15,559.05,0,,6230424149654426749,A
BHP,20130205,15:54:59.939,37.270,7,260.89,0,,6230424149654433453,A
BHP,20130205,12:26:53.929,37.275,8,298.2,0,,6230424149652836998,A
BHP,20130205,11:10:59.386,37.280,739,27549.92,0,,6230424149652305852,A
BHP,20130205,11:11:03.172,37.280,230,8574.4,0,,6230424149652307530,A
BHP,20130205,11:12:01.407,37.280,334,12451.52,0,,6230424149652313089,A
BHP,20130205,11:12:28.885,37.280,2,74.56,0,,6230424149652322036,A
BHP,20130205,11:22:36.740,37.280,5,186.4,0,,6230424149652355274,A
BHP,20130205,11:24:44.746,37.280,6,223.68,0,,6230424149652380316,A
BHP,20130205,11:26:03.358,37.280,1255,46786.4,0,,6230424149652398184,A
BHP,20130205,11:26:23.666,37.280,559,20839.52,0,,6230424149652398720,A
BHP,20130205,11:30:23.015,37.280,5,186.4,0,,6230424149652402502,A
BHP,20130205,11:30:24.238,37.280,270,10065.6,0,,6230424149652425960,A
BHP,20130205,11:31:14.959,37.280,8,298.24,0,,6230424149652425996,A
BHP,20130205,11:34:03.776,37.280,205,7642.4,0,,6230424149652438298,A
BHP,20130205,11:35:03.969,37.280,299,11146.72,0,,6230424149652460145,A
BHP,20130205,11:35:06.836,37.280,51,1901.28,0,,6230424149652459880,A
BHP,20130205,11:36:49.865,37.280,28,1043.84,0,,6230424149652473932,A
BHP,20130205,11:38:16.414,37.280,152,5666.56,0,,6230424149652486367,A
BHP,20130205,12:27:17.199,37.280,175,6524,0,,6230424149652827900,A
BHP,20130205,12:27:17.300,37.280,84,3131.52,0,,6230424149652830858,A
BHP,20130205,12:28:20.505,37.280,114,4249.92,0,,6230424149652839485,A
BHP,20130205,12:28:57.571,37.280,9,335.52,0,,6230424149652847052,A
BHP,20130205,12:31:17.284,37.280,52,1938.56,0,,6230424149652844081,A
BHP,20130205,12:31:27.654,37.280,47,1752.16,0,,6230424149652867579,A
BHP,20130205,12:31:41.653,37.280,1800,67104,0,,6230424149652868949,A
BHP,20130205,12:33:21.883,37.280,1,37.28,0,,6230424149652885084,A
BHP,20130205,12:33:48.958,37.280,200,7456,0,,6230424149652893642,A
BHP,20130205,12:33:55.404,37.280,2,74.56,0,,6230424149652891734,A
BHP,20130205,12:59:13.470,37.280,488,18192.64,0,,6230424149653142238,A
BHP,20130205,13:00:23.972,37.280,2,74.56,0,,6230424149653146199,A
BHP,20130205,13:02:45.301,37.280,269,10028.32,0,,6230424149653169521,A
BHP,20130205,13:03:41.699,37.280,225,8388,0,,6230424149653172747,A
BHP,20130205,13:10:02.251,37.280,380,14166.4,0,,6230424149653226931,A
BHP,20130205,13:15:20.583,37.280,70,2609.6,0,,6230424149653277484,A
BHP,20130205,13:15:40.709,37.280,5,186.4,0,,6230424149653280738,A
BHP,20130205,13:16:06.256,37.280,1,37.28,0,,6230424149653285521,A
BHP,20130205,13:19:46.165,37.280,1056,39367.68,0,,6230424149653304504,A
BHP,20130205,13:26:18.620,37.280,1616,60244.48,0,,6230424149653341011,A
BHP,20130205,15:15:20.215,37.280,274,10214.72,0,,6230424149654049896,A
BHP,20130205,15:16:25.715,37.280,418,15583.04,0,,6230424149654092992,A
BHP,20130205,15:18:28.223,37.280,957,35676.96,0,,6230424149654105232,A
BHP,20130205,15:18:49.444,37.280,576,21473.28,0,,6230424149654107056,A
BHP,20130205,15:19:01.817,37.280,528,19683.84,0,,6230424149654107226,A
BHP,20130205,15:24:33.247,37.280,528,19683.84,0,,6230424149654157983,A
BHP,20130205,15:25:32.386,37.280,1,37.28,0,,6230424149654157371,A
BHP,20130205,15:27:12.980,37.280,41,1528.48,0,,6230424149654179218,A
BHP,20130205,15:30:21.422,37.280,35,1304.8,0,,6230424149654212616,A
BHP,20130205,15:32:57.335,37.280,559,20839.52,0,,6230424149654231169,A
BHP,20130205,15:34:30.517,37.280,80,2982.4,0,,6230424149654238424,A
BHP,20130205,15:43:48.037,37.280,2,74.56,0,,6230424149654310185,A
BHP,20130205,15:44:04.735,37.280,62,2311.36,0,,6230424149654325236,A
BHP,20130205,15:53:14.266,37.280,1500,55920,0,,6230424149654246707,A
BHP,20130205,15:53:55.283,37.280,177,6598.56,0,,6230424149654426124,A
BHP,20130205,13:18:19.465,37.285,3,111.855,0,,6230424149653297492,A
BHP,20130205,11:10:16.334,37.290,595,22187.55,0,,6230424149652300810,A
BHP,20130205,11:11:00.828,37.290,1,37.29,0,,6230424149652294476,A
BHP,20130205,11:12:30.439,37.290,1,37.29,0,,6230424149652306860,A
BHP,20130205,11:17:45.974,37.290,3899,145393.71,0,,6230424149652351294,A
BHP,20130205,11:31:56.083,37.290,592,22075.68,0,,6230424149652436136,A
BHP,20130205,11:34:57.272,37.290,116,4325.64,0,,6230424149652458547,A
BHP,20130205,11:36:56.046,37.290,273,10180.17,0,,6230424149652469760,A
BHP,20130205,12:32:23.568,37.290,1,37.29,0,,6230424149652836382,A
BHP,20130205,12:50:08.340,37.290,16,596.64,0,,6230424149653067361,A
BHP,20130205,13:03:45.239,37.290,180,6712.2,0,,6230424149653168216,A
BHP,20130205,13:06:13.326,37.290,1350,50341.5,0,,6230424149653194178,A
BHP,20130205,13:08:45.887,37.290,100,3729,0,,6230424149653214702,A
BHP,20130205,13:10:04.248,37.290,198,7383.42,0,,6230424149653227213,A
BHP,20130205,13:11:52.563,37.290,145,5407.05,0,,6230424149653245419,A
BHP,20130205,13:13:11.311,37.290,528,19689.12,0,,6230424149652245861,A
BHP,20130205,13:14:11.116,37.290,697,25991.13,0,,6230424149653264028,A
BHP,20130205,13:15:00.174,37.290,1123,41876.67,0,,6230424149653265703,A
BHP,20130205,13:16:58.307,37.290,16,596.64,0,,6230424149653277426,A
BHP,20130205,13:21:37.514,37.290,3,111.87,0,,6230424149653280941,A
BHP,20130205,13:23:41.901,37.290,6,223.74,0,,6230424149653328710,A
BHP,20130205,13:25:51.386,37.290,31,1155.99,0,,6230424149653328849,A
BHP,20130205,13:26:47.710,37.290,125,4661.25,0,,6230424149653343524,A
BHP,20130205,15:16:30.152,37.290,1207,45009.03,0,,6230424149654046049,A
BHP,20130205,15:19:01.880,37.290,25,932.25,0,,6230424149654096369,A
BHP,20130205,15:19:07.814,37.290,296,11037.84,0,,6230424149654106015,A
BHP,20130205,15:19:42.984,37.290,318,11858.22,0,,6230424149654116406,A
BHP,20130205,15:21:12.230,37.290,4,149.16,0,,6230424149654126332,A
BHP,20130205,15:22:39.787,37.290,50,1864.5,0,,6230424149654140853,A
BHP,20130205,15:24:26.033,37.290,11,410.19,0,,6230424149654156835,A
BHP,20130205,15:24:31.390,37.290,131,4884.99,0,,6230424149654157646,A
BHP,20130205,15:24:38.050,37.290,171,6376.59,0,,6230424149654156878,A
BHP,20130205,15:28:40.864,37.290,122,4549.38,0,,6230424149654183738,A
BHP,20130205,15:30:16.140,37.290,48,1789.92,0,,6230424149654211365,A
BHP,20130205,15:30:16.549,37.290,522,19465.38,0,,6230424149654211503,A
BHP,20130205,15:30:22.013,37.290,52,1939.08,0,,6230424149654205659,A
BHP,20130205,15:33:23.374,37.290,6,223.74,0,,6230424149654224427,A
BHP,20130205,11:37:40.810,37.295,7,261.065,0,,6230424149652478824,A
